2844 3382
2318 476 2364 509 23

496 573 609 605 sum.“
632 588 682 599 --
731 572 767 604 5.
794 569 839 604 Ia
864 568 957 616 cum]
983 567 1054 612 „ld
1080 568 1300 604 delendum.“
1341 571 1478 618 Lipsius
1516 572 1609 618 Epp.
1636 571 1678 605 ad
1703 569 1826 617 Belgas
1852 569 1951 605 Cent.
1975 572 2002 605 1.
2030 585 2083 618 ep.
2111 576 2168 607 93.
2204 572 2363 615 „Distin-

496 643 584 677 guo,
616 629 746 675 inquit,
772 636 807 662 et
830 627 928 675 lego:
963 626 1174 675 aliorumque
1197 630 1412 664 iumentorum
1441 631 1603 665 amisisse.
1652 628 1685 663 E
1718 629 1898 672 Taurinis,
1933 643 2017 676 quae
2053 629 2165 664 Gallis
2195 632 2364 677 proxima

495 700 576 733 gem
600 694 697 727 erat,
722 686 759 719 in
783 684 929 720 Italiam
961 685 1159 732 digressum,
1194 700 1267 721 cum
1294 689 1377 721 inter
1401 701 1513 722 omnes
1536 696 1681 732 comici,-
1709 701 1746 722 eo
1771 688 1894 733 magis.
1945 688 2071 720 Firmat
2094 689 2165 733 ipsa
2189 701 2261 730 res,
2288 696 2361 722 tum

498 754 533 779 et
557 744 635 779 libri
664 744 783 790 prisci,
810 745 846 779 in
881 745 1002 791 quibus
1028 747 1197 789 amisisse,
1233 747 1396 780 Taurinis
1430 748 1503 781 sine
1536 747 1661 781 vocula
1694 745 1753 781 illa
1778 746 1892 781 media
1924 747 2126 792 scriptum.“
2177 747 2221 779 Et
2245 746 2360 792 paullo

498 811 595 849 post:
621 802 714 845 „Sed
738 803 781 837 de
805 804 889 850 ipsis
914 804 1074 838 Taurinis
1100 804 1203 846 addit,
1229 817 1314 850 quae
1341 803 1455 837 Gallis
1478 807 1643 849 proxima
1666 819 1758 850 gens.
1811 805 1865 839 An
1891 817 1962 839 non
1980 805 2084 850 igitur
2109 804 2253 837 Taurini
2280 812 2360 837 tunc

497 859 613 897 Galli?
648 875 737 905 non,
764 862 824 896 sed
848 862 1032 908 Liguribus
1056 861 1218 894 videntur
1241 862 1415 894 accensiti.
1464 861 1584 895 Strabo
1612 862 1701 907 [1V,
1728 864 1779 910 6.]
1806 865 1849 898 de
1874 864 1936 898 iis:
1970 860 2208 909 Λιγυστικὸν
2233 857 2361 903 ἔθνος,

498 920 662 966 Ligurum
688 922 801 961 natio,
828 920 922 964 qupd
936 918 979 951 ad
1003 919 1169 964 originem
1194 918 1335 952 fortasse
1360 919 1476 952 verius
1501 919 1642 962 referas,
1669 929 1702 953 et
1726 923 1793 955 situ
1817 930 1930 955 tamen
1956 921 2047 955 Galli
2072 929 2186 954 erant:
2211 920 2361 964 ideoque

497 978 553 1013 hic
578 978 740 1012 rescribas
766 989 852 1023 quae
901 973 1051 1010 Galliae.
1102 975 1152 1009 Ea
1178 988 1262 1023 gens
1296 974 1426 1009 Galliae
1459 976 1617 1021 proxima
1650 976 1764 1012 Italiae
1791 987 1860 1012 erat
1883 980 1919 1012 in
1943 978 2003 1012 illo
2030 980 2177 1013 tractu.“
2227 978 2284 1011 Ex
2309 977 2363 1011 his

497 1039 618 1084 igitur,
652 1048 759 1082 quum
782 1036 866 1069 haec
892 1033 1035 1080 epistola
1060 1047 1089 1067 a.
1118 1039 1223 1070 160¹.
1249 1034 1373 1080 scripta
1397 1035 1459 1077 sit,
1486 1034 1663 1068 manifesto
1690 1044 1847 1081 apparet,
1870 1038 2025 1082 Lipsium
2051 1038 2262 1070 coniecturas
2279 1036 2358 1080 qui-

499 1095 577 1130 dem
602 1093 684 1129 olim
708 1093 810 1129 factas
831 1101 948 1141 postea
973 1103 1110 1139 quoque
1135 1093 1315 1140 probasse,
1341 1092 1403 1127 sed
1427 1092 1715 1140 praepositionem
1741 1107 1757 1126 e
1765 1118 1776 1135 ‚
1801 1092 1883 1128 licet
1914 1093 1978 1127 hoc
2005 1094 2205 1139 Pyndenius
2237 1101 2359 1127 conte·-

497 1161 625 1196 stetur,
649 1154 684 1187 in
710 1152 807 1187 nullo
831 1152 948 1186 codice
973 1152 1152 1197 reperisse.
1203 1152 1315 1195 Quid,
1347 1152 1440 1196 quod
1473 1153 1592 1186 etiam-
1609 1152 1912 1187 Drakenborchius
1945 1154 2233 1198 praepositionem
2259 1154 2294 1184 in
2319 1153 2360 1184 ab

499 1212 684 1247 editoribus
708 1211 867 1246 insertam
892 1210 929 1244 in
954 1209 1111 1245 omnibus
1137 1209 1207 1245 suis
1233 1217 1267 1244 et
1291 1209 1435 1246 Hearnii
1460 1209 1635 1245 codicibus
1662 1210 1821 1246 omissam
1848 1222 1923 1246 esse
1955 1210 2125 1258 perhibet.
2175 1209 2361 1256 Propterea

497 1283 588 1303 nuuc
614 1281 770 1314 quoque,
804 1268 966 1313 quicquid
990 1267 1155 1302 Wolffius
1181 1267 1397 1312 obloquitur,
1433 1269 1526 1302 haud
1552 1270 1706 1313 poenitet
1729 1270 1823 1303 huuc
1856 1268 1972 1302 locum
2005 1281 2049 1302 ex
2081 1268 2360 1303 Drakenborchii

497 1327 752 1371 emendatione,
779 1339 880 1373 quam
911 1325 1336 1373 Baumgarten-Crusius,
1363 1325 1541 1362 Gronovio
1567 1339 1641 1361 eam
1666 1325 1750 1363 falso
1776 1328 1948 1371 tribuens,
1975 1336 2009 1362 et
2034 1326 2213 1362 Bekkerus
2238 1325 2359 1361 itidem

497 1386 705 1419 admiserunt
714 1409 732 1427 ,ι
748 1386 795 1417 ita
820 1384 988 1425 edidisse,
1020 1391 1060 1417 ut
1083 1385 1285 1418 scriberem:
1318 1387 1545 1430 ingentemque
1570 1399 1741 1418 numerum
1775 1399 1933 1431 equorum
1958 1395 1989 1418 et
2014 1385 2163 1419 aliorum
2189 1387 2356 1418 iumento-

497 1457 572 1477 rum
597 1443 764 1485 amisisse,
794 1441 975 1483 Taurinis,
1000 1454 1086 1489 quae
1113 1439 1227 1476 Gallis
1249 1445 1415 1489 proxima
1437 1455 1518 1488 gens
1542 1451 1635 1484 erat,
1669 1445 1704 1476 in
1732 1442 1876 1477 Italiam
1902 1443 2101 1489 degressum.
2150 1444 2271 1489 Neque
2298 1454 2357 1475 ac-

497 1503 657 1541 emerim
682 1501 832 1542 Ukerto,
866 1500 925 1545 qui
950 1500 1174 1534 Matthiaeum
1208 1509 1345 1535 secutus
1374 1501 1569 1547 Geograph.
1604 1501 1724 1534 Graec.
1752 1510 1785 1534 et
1809 1503 1909 1535 Rom.
1933 1503 2037 1535 Tom.
2063 1502 2107 1534 ll.
2135 1502 2225 1534 Part.
2251 1500 2298 1532 11.
2325 1512 2358 1544 p.

498 1559 581 1595 604.
606 1560 746 1594 Livium
771 1559 944 1605 scripsisse
969 1559 1102 1593 censuit
1124 1558 1217 1593 hunc
1241 1559 1277 1592 in
1303 1559 1462 1593 modum:
1489 1559 1532 1593 In
1560 1560 1740 1601 Taurinis,
1766 1572 1851 1606 quae
1879 1557 1993 1593 Gallis
2016 1560 2183 1605 proxima
2206 1571 2286 1603 gens
2304 1565 2360 1598 est,

495 1620 532 1653 in
557 1616 703 1652 Italiam
729 1616 918 1664 degressum
939 1629 1039 1664 quum
1064 1617 1150 1650 inter
1176 1629 1288 1650 omnes
1314 1624 1456 1658 constet,
1481 1630 1519 1651 eo
1544 1619 1655 1664 magis
1681 1625 1745 1652 etc.
1768 1636 1818 1644 —-
1868 1618 1885 1635 '⁶
1903 1620 1939 1651 7.
1968 1616 2113 1663 Coelius]
2140 1614 2359 1659 „Caelium-‘⁴

495 1677 680 1725 In-Eberti
708 1675 869 1723 exemplo
906 1674 1056 1711 Coelium
1096 1675 1232 1722 legitur.
1282 1675 1418 1722 Lipsius
1444 1678 1641 1711 coniectura
1675 1678 1868 1724 praecepit,
1904 1676 1996 1722 quod
2029 1676 2227 1717 Bekkerus,
2252 1686 2359 1720 quum

494 1735 588 1770 Flor.
615 1734 714 1769 Cant.
742 1735 834 1768 Hav.
860 1733 987 1780 aliique
1012 1732 1151 1768 collium
1177 1734 1333 1777 offerant,
1359 1734 1500 1781 vulgato
1526 1743 1618 1769 recte
1638 1736 1822 1770 substituit.
1838 1755 1886 1761 —
1926 1735 2012 1769 lbid.
2034 1733 2220 1778 Cremonis]
2249 1731 2357 1775 „Ceu-

494 1795 637 1829 tronisf‘
686 1793 757 1827 Iam
782 1801 860 1826 ante
883 1792 1039 1838 Lipsium
1064 1791 1275 1827 Sabellicus:
1308 1794 1369 1834 „V
1371 1794 1450 1835 ide,
1474 1795 1606 1839 inquit,
1632 1807 1676 1828 ne
1704 1792 1892 1836 Charonis,
1918 1793 1977 1828 vel
2005 1792 2196 1835 centronis,
2222 1800 2260 1826 ut
2284 1790 2357 1825 Pli-

495 1854 571 1887 nius
597 1853 661 1894 ait,
698 1852 742 1885 sit
767 1850 989 1896 legendum.“
1039 1850 1168 1884 Plinius
1195 1851 1286 1883 enirn
1310 1851 1357 1884 H.
1384 1851 1427 1885 N.
1449 1852 1512 1892 XI,
1540 1851 1599 1884 42.
1633 1850 1780 1896 Alpium
1814 1850 2108 1893 Ceutronicarum‚
2141 1851 2215 1884 sive
2240 1849 2356 1894 potius

497 1909 773 1945 centronicarum
798 1909 1006 1942 mentionem
1032 1905 1159 1941 iniecit.
1194 1907 1361 1942 Beroaldo
1387 1909 1483 1943 Facis
1508 1907 1643 1943 Gruter.
1671 1909 1773 1942 Tom.
1799 1908 1825 1942 I.
1852 1921 1887 1955 p.
1912 1910 1992 1941 157.
2012 1915 2045 1941 et
2071 1906 2241 1941 Glareano
2266 1904 2353 1940 Cen-

494 1968 600 2001 tronis
633 1965 771 2011 placuit.
822 1965 959 2009 Lipsius
991 1972 1123 2006 autem,
1157 1973 1283 1998 mutata
1308 1966 1493 2006 sententia,
1528 1973 1647 2011 postea
1671 1967 1761 2010 Epp.
1796 1965 1839 1998 ad
1874 1965 1997 2010 Belgas
2032 1964 2131 1998 Cent.
2157 1964 2183 1997 l.
2211 1976 2265 2008 ep.
2295 1965 2355 1996 93.

494 2027 579 2062 haec
604 2023 755 2072 scripsit:
781 2022 981 2069 „Nusquam
1005 2020 1132 2057 lectum
1148 2021 1215 2057 hoc
1242 2021 1413 2057 Cremonis
1436 2024 1569 2069 iugum,
1596 2031 1629 2058 et
1643 2023 1720 2058 ideo
1747 2021 1935 2059 Glareanus
1961 2021 2102 2058 inclinat
2125 2021 2238 2070 legere
2266 2018 2355 2055 Cen-

495 2087 611 2126 tronis,
637 2084 716 2128 quia
731 2081 853 2128 populi
879 2080 1054 2114 Ceutrones
1079 2082 1114 2113 in
1141 2093 1183 2114 eo
1207 2082 1284 2127 ipso
1309 2089 1429 2114 tractu.
1478 2082 1587 2126 Atqui
1613 2080 1810 2115 Ceno-onum
1836 2089 1917 2114 tunc
1943 2082 2054 2126 potius
2081 2081 2235 2113 dixisset.
2281 2080 2353 2112 Le-

493 2145 549 2179 vis
573 2143 660 2177 mihi
692 2140 859 2188 suspicio,
892 2153 937 2174 ne
966 2137 1119 2174 Greionis
1153 2139 1212 2174 vel
1248 2138 1408 2174 Graionis
1433 2141 1546 2186 iugum
1572 2140 1615 2174 sit
1639 2153 1721 2174 vera
1745 2139 1868 2175 lectio:
1902 2140 1994 2186 quod
2020 2153 2037 2173 a
2063 2138 2171 2173 Graiis
2205 2137 2354 2185 Alpibus

494 2213 564 2234 non
591 2199 732 2241 abludit,
758 2206 792 2231 et
817 2197 949 2231 Plinius
974 2198 1022 2231 ibi
1047 2197 1168 2231 Graios
1194 2197 1342 2243 populos
1366 2198 1529 2231 locavit.“
1579 2198 1728 2231 Praestat
1753 2206 1864 2231 tamen
1895 2199 1931 2230 in
1956 2197 2095 2243 vulgato
2122 2197 2355 2242 adquiescere.

491 2259 574 2294 vid.
600 2258 723 2293 Ukerti
747 2255 943 2303 Geograph.
970 2255 1090 2291 Graec.
1118 2264 1151 2290 et
1175 2256 1274 2290 Rom.
1300 2256 1403 2290 Tom.
1427 2257 1470 2291 11.
1496 2257 1585 2291 Part.
1611 2256 1654 2291 H.
1680 2270 1714 2303 p.
1744 2259 1825 2291 108.
1842 2277 1890 2283 —
1939 2256 2024 2290 lbid.
2052 2255 2149 2301 dicit]
2176 2254 2354 2297 „diomf‘

493 2317 552 2351 Sic
584 2316 675 2348 Hav.
709 2326 786 2347 cum
821 2314 928 2346 tribus
961 2312 1035 2346 aliis
1067 2313 1259 2351 codicibus3
1292 2313 1382 2347 Lov.
1410 2317 1445 2347 1.
1472 2327 1550 2347 cum
1581 2314 1673 2347 Flor.
1700 2321 1734 2346 et
1759 2314 1858 2347 Cant.
1889 2313 2029 2358 aliisque
2063 2313 2199 2346 dicerer.
2247 2314 2355 2346 Recte

493 2377 596 2422 igitur
629 2372 826 2414 Bekkerus,
857 2379 895 2405 ut
920 2372 1026 2404 oratio
1054 2384 1098 2404 ex
1128 2372 1242 2405 verbis
1266 2385 1303 2404 eo
1329 2373 1441 2416 magis
1466 2374 1574 2406 miror
1598 2373 1781 2418 penderet,
1815 2380 1923 2405 totum
1949 2372 2082 2414 locum,
2113 2372 2237 2418 Lipsio
2259 2385 2354 2405 nunc

492 2433 715 2478 suffragante,
740 2430 786 2462 ita
811 2429 1002 2462 constituit:
1030 2427 1177 2461 Coelium
1199 2441 1260 2474 per
1287 2427 1457 2462 Cremonis
1482 2431 1595 2475 iugum
1620 2429 1732 2462 dicere
1753 2431 1920 2462 transisse.
1945 2448 1995 2455 -
2043 2430 2061 2446 '⁶
2078 2430 2166 2463 lbid.
2205 2428 2349 2474 ulmos]

491 2490 698 2535 „Libitiosf‘
745 2489 818 2521 Irno
844 2487 993 2520 Libicios
1019 2488 1092 2521 sive
1126 2486 1273 2520 Libicos.
1323 2488 1410 2521 Nam
1435 2488 1578 2521 Ptolem.
1604 2488 1667 2521 ΙΙΙ.
1692 2492 1724 2521 1.
1750 2484 1937 2532 Λιβικοί,
1970 2487 2094 2533 Polyb.
2119 2488 2166 2530 ll,
2191 2492 2247 2524 17.
2273 2490 2354 2522 Ae-

491 2547 626 2594 βέκιοι,
654 2555 687 2581 et
711 2546 800 2580 Plin.
825 2547 873 2580 H.
899 2546 944 2580 N.
970 2546 1030 2586 111,
1059 2548 1115 2578 17.
1141 2545 1201 2578 ubi
1224 2544 1359 2578 codices
1384 2544 1588 2578 Libitiorum
1614 2554 1649 2579 et
1673 2545 1885 2579 Libiciorum
1904 2546 2078 2587 offerunt,
2106 2546 2221 2580 Lihici
2234 2545 2352 2591 appel-

491 2606 616 2642 lantur.
655 2605 794 2649 „Quare
820 2604 882 2638 vix
908 2604 1051 2638 dubitari
1076 2604 1194 2647 debet,
1220 2610 1258 2637 ut
1282 2602 1627 2651 Schweighaeuserus
1651 2604 1693 2639 ad
1719 2602 1856 2650 Polybii
1880 2603 1997 2639 locum
2023 2604 2126 2638 Tom.
2153 2605 2196 2639 V.
2221 2617 2254 2651 p.
2272 2602 2351 2637 384.

492 2668 558 2708 ait,
585 2666 669 2711 quin
710 2664 800 2710 apud
831 2663 970 2696 Livium
1003 2664 1049 2705 V,
1076 2668 1134 2698 35.
1170 2663 1272 2704 XXI,
1305 2665 1363 2695 38.
1398 2663 1567 2705 XXXIII,
1603 2666 1662 2697 37.
1696 2676 1774 2697 cum
1808 2663 1960 2697 Cluvero
1994 2663 2108 2698 Libica·
2138 2662 2350 2698 scribendum

490 2723 534 2754 sit
558 2734 620 2767 pro
646 2721 762 2763 Libui,
787 2720 880 2767 quod
903 2720 1010 2767 vulgo
1034 2722 1082 2754 ibi
1106 2720 1269 2767 legitur.“
1294 2739 1343 2745 —
1391 2720 1478 2753 lbid.
1504 2720 1740 2767 deduxissem]
1764 2721 2027 2764 „deduxerintf‘
2076 2722 2135 2754 Sic
2158 2721 2248 2752 Hav.
2274 2730 2348 2750 cum

489 2778 661 2826 plurimis3
700 2781 790 2816 Lov.
831 2785 861 2817 1.
897 2793 974 2815 cum
1007 2781 1122 2828 paucis
1155 2778 1372 2814 deduxerunt.
1399 2800 1448 2808 —
1498 2785 1532 2816 9.
1564 2782 1683 2815 vertice
1717 2779 1923 2826 Penninum]
1954 2763 2132 2823 „vorticem
2166 2776 2345 2813 Pemmm.“
