2844 3382
2296 500 2337 531 1⁵

901 540 930 564 ο

463 603 496 629 et
520 592 651 643 diffisi]
662 591 760 637 Ἱραὶ
788 591 916 625 haberit
944 589 1005 626 lib.
1036 592 1213 626 manusc.“
1245 591 1323 625 Hoc
1348 593 1413 626 iam
1439 591 1639 627 Gronovius
1670 598 1808 625 auctore
1841 591 1982 638 Sigonio
2008 594 2108 627 tacite
2133 591 2276 640 recepit,
2303 602 2336 627 et

463 649 790 693 Drakenborehiuss
823 648 909 693 ‚‚ha,
933 648 1057 696 inquit,
1082 656 1118 685 et
1140 648 1235 686 Flor.
1263 648 1360 686 cant.
1386 651 1490 688 Voss.
1516 649 1646 697 aliique
1655 651 1694 696 ;“
1720 661 1807 696 quos
1840 649 1929 684 inter
1952 649 2043 685 Lov.
2069 655 2102 686 1.
2135 663 2272 699 quoque
2299 660 2332 686 et

462 712 557 747 an.
584 720 661 744 ense
683 708 851 756 suspicor.

477 781 481 786 ·
537 767 621 815 Gap.
647 766 800 810 XXVII,
825 767 861 803 4.
885 765 1043 815 alateum]
1069 766 1153 811 „alii
1177 766 1348 803 edocent.“
1381 767 1460 802 Hoc
1486 768 1524 802 iu
1548 767 1641 803 Flor.
1669 775 1704 803 et
1731 779 1803 802 uuo
1829 767 1930 802 Crev.
1956 775 2131 815 repertum
2160 776 2203 811 et,
2231 780 2334 812 quum

469 826 624 862 Clericus
649 824 785 868 eductis,
812 826 905 870 quod
929 826 1074 861 Vossius
1100 837 1237 870 quoque
1262 826 1379 868 suasit,
1404 837 1467 871 pro
1493 825 1632 859 educunt
1656 827 1894 873 reponendum
1923 839 1997 861 esse
2023 834 2153 860 temere
2180 826 2337 872 opinatus

469 892 571 929 esset,
597 896 616 918 a
643 883 818 919 Crevierio
845 892 880 919 et
901 883 1184 918 Drakenborchio
1208 890 1384 929 receptum
1408 890 1469 917 est.
1510 884 1555 917 Et
1586 891 1677 918 recte
1703 885 1854 930 quidem.
1897 885 1985 920 Nam
2011 897 2099 932 quae
2132 885 2338 919 Buettnerus

457 944 666 980 observant.
690 944 771 978 Liv.
796 956 831 990 p.
861 944 921 977 50.
946 955 998 988 sq.
1024 941 1068 976 tle
1092 940 1196 975 huius
1220 940 1290 975 loci
1314 941 1480 988 scriptura
1505 942 1673 985 disseruit,
1697 943 1862 979 VVolffius
1887 945 1961 979 iure
1987 945 2179 990 meritoque
2205 945 2337 990 impro-

467 1003 632 1037 bavit.--
668 1001 732 1037 ¹⁵6.
760 1000 901 1046 eastris}
925 999 1058 1043 „debet
1081 999 1201 1033 maiori
1222 998 1321 1033 litera
1354 999 1491 1034 scribi.“
1527 1000 1626 1033 Hanc
1652 999 1902 1035 adnotationem
1927 1004 2073 1037 Ebertus
2099 1002 2339 1049 praetermisit.

467 1061 589 1107 Neque
614 1068 727 1094 tamen
762 1071 850 1105 opus
875 1066 936 1102 est,
969 1066 1015 1093 ut
1030 1059 1156 1093 verba:
1188 1066 1219 1091 et
1250 1056 1341 1092 alius
1372 1059 1538 1092 exercitus
1571 1057 1699 1091 ratibus
1728 1060 1849 1093 iunctis
1873 1062 2041 1102 traiectus,
2075 1069 2201 1094 mutata
2226 1061 2337 1094 inter-

468 1119 670 1166 punctione,
695 1129 714 1150 a
737 1117 957 1160 sequentibus
994 1117 1228 1164 seiungautur.
1271 1116 1376 1161 Quod
1401 1129 1463 1151 cur
1486 1116 1607 1162 Lipsio
1639 1115 1818 1162 placuerit,
1851 1129 1895 1151 ex
1926 1119 2084 1164 proxima
2118 1119 2335 1152 adnotatione

465 1183 616 1223 apparet.
635 1192 684 1201 —·
713 1175 828 1210 *lbid.
843 1173 979 1223 fessus]
1004 1174 1155 1223 ,‚fessi.“
1177 1175 1275 1210 Haec
1299 1175 1411 1222 Lipsii
1436 1176 1642 1218 coniectura,
1669 1185 1771 1218 quam
1797 1187 1840 1209 ex
1865 1175 2038 1210 vocabulo
2062 1175 2221 1223 profecti,
2247 1175 2338 1219 quod

467 1234 632 1279 sequitur,
659 1240 791 1280 captam
812 1244 876 1281 pro
902 1243 1156 1280 supervacanea
1181 1240 1282 1278 atque
1306 1232 1421 1268 inutili
1445 1233 1635 1277 habuerim,
1661 1244 1732 1267 non
1758 1232 1825 1267 nisi
1849 1232 1896 1267 ita
1920 1241 2034 1280 potest
2060 1233 2202 1278 admitti,
2228 1242 2265 1268 ut
2283 1247 2337 1267 re-

460 1294 577 1340 ficitur
602 1293 637 1325 in
662 1292 855 1336 reficiuntur
880 1299 1041 1326 mutetur.
1089 1291 1210 1326 Paullo
1235 1299 1315 1338 post
1337 1293 1432 1336 vide,
1468 1305 1551 1326 num
1576 1292 1699 1326 Livius
1724 1291 1916 1337 scripserit:
1951 1291 2088 1327 Postero
2113 1292 2178 1334 die,
2211 1291 2336 1340 profe-

463 1347 509 1387 cii
533 1365 551 1385 e
574 1350 663 1392 loco,
689 1362 736 1384 ex
757 1348 932 1397 praedicto
947 1347 1057 1398 fimo
1080 1350 1288 1396 significant,
1312 1363 1347 1384 se
1370 1352 1532 1385 transisse
1552 1359 1586 1384 et
1606 1348 1700 1384 haud
1728 1347 1851 1397 procul
1876 1349 1998 1386 abesse.
2040 1350 2161 1396 Polyb.
2188 1351 2247 1394 Ill,
2274 1350 2334 1386 43.

463 1405 711 1458 σημῃνάντων
737 1404 889 1442 ἐκείνων
909 1405 978 1454 τὴν
999 1405 1216 1457 παρουσίαν
1239 1409 1293 1457 τῷ
1318 1411 1454 1457 καπνῷ
1480 1407 1602 1445 κατὰ
1626 1407 1677 1443 τὸ
1710 1408 2124 1455 συντεταγμένον,
2154 1410 2189 1443 id
2220 1419 2271 1443 est
2289 1422 2335 1442 ex

460 1465 648 1515 praedicto,
674 1465 767 1511 quod
790 1465 871 1499 Liv.
889 1466 1060 1509 XXXIII,
1088 1469 1124 1501 6.
1138 1465 1279 1515 legitur.
1308 1468 1389 1503 Alia
1412 1468 1485 1502 aliis
1501 1467 1713 1514 placuerunt.
1748 1467 1830 1500 vid.
1858 1467 2011 1502 Walchii
2033 1467 2228 1501 Emendatt.
2254 1468 2333 1501 Liv.

464 1540 501 1573 p.
522 1529 583 1560 22.
607 1536 658 1568 sq.
685 1532 720 1558 et
745 1523 843 1568 adde,
872 1523 1057 1560 Wolffium
1079 1538 1126 1559 ex
1149 1524 1226 1560 loco
1250 1539 1370 1573 parum
1403 1525 1625 1573 probabiliter
1658 1526 1732 1559 sive
1758 1526 1793 1558 in
1819 1538 1866 1558 ex
1891 1538 1927 1558 eo
1954 1524 2041 1568 loco,
2075 1527 2149 1559 sive
2175 1526 2211 1559 in
2237 1523 2335 1559 illico

465 1584 589 1619 mutari
612 1581 777 1618 voluisse.
794 1602 842 1610 —
880 1584 918 1617 8.
943 1583 1160 1630 optatasque]
1196 1584 1279 1628 „alii
1304 1586 1502 1632 aptasque.“
1524 1624 1527 1627 ¹
1561 1584 1617 1618 Sic
1642 1584 1733 1617 Lov.
1762 1588 1796 1619 1.
1833 1583 2135 1618 Drakenborchius
2160 1583 2339 1631 vulgatum

433 1666 439 1673 -
469 1650 562 1677 recte
586 1649 714 1676 tuetur.
731 1659 774 1667 —-
827 1641 940 1676 *Ibid.
963 1651 1101 1688 propter
1124 1643 1240 1689 equos]
1276 1643 1361 1687 ‚,lib.
1386 1656 1476 1685 unus
1508 1655 1660 1677 manusc.
1694 1642 1721 1676 I.
1747 1642 1789 1676 L.
1816 1641 1831 1687 Ῐ
1833 1642 1869 1675 id
1894 1650 1944 1676 est
1969 1641 2054 1676 Iusti
2078 1642 2213 1690 Lipsii]
2235 1643 2338 1678 habet

472 1701 643 1747 praecer.“
668 1700 747 1733 Hoc
778 1700 904 1747 ipsum,
930 1700 1024 1744 quod
1047 1699 1245 1735 Gronovius
1270 1702 1307 1735 in
1332 1700 1405 1735 ullo
1438 1701 1555 1735 codice
1575 1701 1717 1747 reperiri
1748 1708 1861 1749 negat,
1887 1700 2029 1748 Sigouio
2055 1700 2194 1748 placuit.
2246 1702 2336 1737 ιον.

465 1762 498 1792 1.
526 1766 561 1793 et
584 1759 677 1792 Hav.
704 1772 782 1792 cum
809 1759 930 1794 ceteris
953 1767 1091 1804 propter
1116 1760 1279 1794 offerunt.
1317 1760 1457 1805 Lipsius
1481 1761 1586 1806 igitur
1607 1759 1790 1794 lectionem
1813 1769 1948 1805 praeter
1970 1759 2130 1806 vulgatae
2148 1773 2219 1793 non
2235 1773 2338 1805 prae·

462 1815 636 1851 ferendam
667 1827 712 1850 ex
737 1815 806 1850 alio
836 1815 956 1851 codice
991 1816 1157 1852 enotavit.
1199 1816 1321 1852 Paullo
1351 1825 1432 1864 post
1457 1829 1521 1864 pro
1556 1818 1733 1852 instructos
1753 1816 1993 1865 frenatosque,
2028 1831 2133 1864 quum
2160 1820 2338 1852 instructos

465 1875 557 1909 idem
584 1874 678 1918 quod
701 1876 862 1908 instratos
897 1875 1098 1922 significare,
1124 1874 1216 1909 haud
1247 1875 1348 1909 facile
1374 1876 1550 1918 quisquam
1583 1884 1717 1921 praeter
1746 1877 1973 1921 Doeringium
2006 1876 2050 1909 sit
2072 1877 2336 1917 existimaturus,

466 1932 638 1968 Gronovii
662 1932 759 1965 iussu
783 1944 828 1965 ex
854 1931 947 1966 Flor.
972 1940 1007 1967 et
1018 1932 1122 1975 βοὰ.
1147 1934 1308 1967 instratos
1323 1932 1561 1981 frenatosque,
1589 1933 1683 1978 quod
1701 1932 1954 1976 Lallemandus,
1980 1932 2335 1980 Baumgarten-Cru-

464 1992 535 2025 sius
562 1997 596 2023 et
619 1989 799 2036 Bekkerus
822 1990 920 2023 iuxta
943 2002 1080 2023 mecum
1106 1991 1329 2033 admiserunt,
1361 1991 1599 2037 reponendum
1625 2002 1710 2032 esse,
1743 2002 1843 2022 nemo
1870 1998 1937 2022 tam
1964 1991 2056 2024 rudis
2085 1999 2136 2024 est
2161 1991 2202 2023 ad
2228 1999 2334 2024 artem

473 2048 660 2096 equitandi,
686 2049 769 2100 quin
786 2048 979 2096 perspiciat.
1003 2049 1083 2084 Liv.
1108 2049 1278 2092 XXVIII,
1305 2050 1362 2086 14.
1381 2057 1535 2083 armatus
1548 2062 1641 2096 eques
1656 2046 1820 2096 frenatos
1844 2050 2065 2096 instratosque
2090 2059 2335 2097 tenerentquoe.

463 2108 517 2140 De
543 2108 667 2140 horum
692 2106 940 2140 vocabulorum
967 2109 1220 2152 permutatione
1251 2108 1323 2140 vid.
1351 2107 1576 2153 Oudendorp.
1610 2106 1652 2139 ad
1678 2107 1775 2140 Caes.
1802 2108 1841 2139 B.
1867 2106 1910 2139 C.
1931 2108 1991 2149 111,
2019 2110 2077 2140 96.

539 2165 625 2213 Cap.
651 2164 760 2201 XXV
832 2168 891 2201 ⁷3.
917 2172 1016 2199 tanta
1046 2165 1112 2212 vis]
1144 2164 1233 2209 ‚,lib.
1266 2178 1423 2201 manusc.
1452 2166 1590 2202 vi.“-—
1638 2165 1751 2218 *Ibid.
1783 2163 1940 2211 eradens]
1974 2164 2220 2209 ,‚im·adentc.“
2260 2165 2335 2200 lmo

469 2223 634 2265 madente,
660 2225 715 2256 cui
741 2235 764 2256 n
884 2235 929 2255 an
952 2223 1152 2267 Pyndenius
1184 2223 1272 2256 illud
1305 2223 1392 2257 falso
1424 2225 1646 2258 substituerit.
1664 2242 1710 2249 —
1753 2224 1838 2257 Ibid.
1876 2224 2049 2267 premebat
2084 2226 2193 2270 acies]
2220 2237 2336 2270 „pre-

463 2289 571 2314 mente
596 2281 705 2314 acie.“
747 2278 903 2326 Apparet
926 2280 1041 2327 igitur,
1066 2280 1176 2327 Lipsii
1202 2281 1368 2324 codicem,
1394 2294 1413 2315 a
1437 2281 1530 2316 Lov.
1554 2284 1588 2316 1.
1614 2289 1648 2316 et
1670 2281 1773 2324 Hav.‚
1803 2293 1946 2327 quorum
1972 2281 2031 2316 ille
2064 2291 2164 2316 tanta
2190 2283 2239 2316 vis
2265 2296 2332 2316 ar-

460 2348 630 2372 matorum
656 2339 690 2370 in
723 2329 851 2370 terram
884 2337 1026 2371 evadens
1060 2351 1083 2370 a
1116 2346 1208 2383 tergo
1233 2340 1417 2384 improvisa
1440 2339 1637 2385 premebant
1662 2341 1745 2380 acic,
1771 2339 1827 2373 hic
1853 2348 1950 2373 tanta
1984 2342 2032 2372 ris
2059 2349 2275 2374 armatorum
2302 2344 2337 2375 in

463 2405 590 2430 terram
624 2394 764 2429 evadens
795 2408 818 2428 α
842 2403 935 2441 tergo
965 2396 1150 2442 improvisa
1180 2396 1356 2442 premebat
1389 2398 1462 2431 acie
1487 2397 1600 2438 offert,
1633 2396 1734 2443 plane
1769 2397 1953 2440 diversum,
1990 2409 2094 2442 quum
2122 2411 2140 2432 a
2176 2407 2338 2446 corrupto

460 2455 521 2490 illo
554 2454 733 2489 invadente
761 2453 967 2496 discesseris,
998 2465 1062 2499 per
1088 2454 1200 2487 omnia
1225 2454 1295 2488 fere
1321 2456 1514 2501 conspirare
1549 2467 1626 2488 cum
1651 2454 1744 2489 Flor.
1772 2463 1805 2488 et
1831 2454 1935 2497 Gud.,
1975 2469 2019 2490 ex
2047 2457 2171 2502 quibus
2197 2457 2337 2493 Grono-

460 2515 552 2557 vius,
576 2515 631 2548 cui
656 2512 964 2547 Drakenborchius
988 2519 1080 2546 recte
1107 2512 1287 2547 obsecutus
1313 2520 1375 2556 est,
1409 2513 1502 2546 hunc
1528 2512 1647 2546 locum
1674 2513 1802 2559 optime
1836 2514 1994 2548 restituit.
2012 2531 2059 2541 -
2100 2515 2135 2549 4.
2159 2525 2336 2562 postquam

465 2574 532 2606 vim
549 2570 681 2620 facere
698 2572 826 2612 conati,
853 2569 943 2604 ultro
966 2568 1193 2616 pellebantur]
1220 2568 1335 2612 „ultro
1359 2569 1581 2603 delendum.“
1623 2571 1763 2605 Rectius
1790 2571 1882 2605 haud
1908 2573 2011 2606 dubie
2031 2574 2098 2607 Iac.
2125 2574 2335 2615 Gronovius,

461 2643 563 2676 quem
597 2639 743 2678 utroque,
779 2630 871 2676 quod
896 2628 1139 2663 Lallemandus
1173 2628 1319 2671 admisit,
1354 2640 1399 2662 ex
1432 2627 1530 2662 Cant.
1565 2641 1635 2663 non
1668 2631 1840 2677 recepisse
1875 2632 1993 2674 miror,
2029 2632 2095 2667 hoc
2129 2632 2333 2667 vocabulum

463 2691 580 2725 verbis
605 2692 672 2724 vim
688 2689 816 2737 facere
840 2690 954 2723 conati
977 2688 1159 2735 praemisit.
1186 2687 1267 2722 Vid.
1300 2688 1479 2722 Buettneri
1505 2688 1701 2723 Observatt.
1734 2689 1815 2726 Liv.
1841 2704 1877 2737 p.
1906 2693 1964 2725 52.
1992 2703 2045 2735 sq.
2067 2712 2109 2719 —
2155 2698 2186 2727 5.
2214 2692 2331 2724 varia-

472 2756 508 2781 ta
534 2749 719 2795 memoria]
744 2747 830 2792 ‚,lib.
858 2755 929 2782 vet.
954 2748 1090 2780 varia.“
1130 2746 1224 2780 Idem
1259 2746 1433 2793 Sigonius,
1468 2758 1570 2790 quem
1595 2747 1735 2793 Lipsius
1772 2758 1909 2783 secutus
1937 2762 2010 2784 esse
2036 2749 2182 2791 videtur,
2210 2750 2244 2781 in
2271 2756 2329 2780 ret·

462 2804 525 2842 lib.
551 2806 699 2844 invenit.
738 2806 852 2842 Ceteri
885 2806 1020 2842 codices
1050 2804 1227 2854 vulgatum
1262 2812 1457 2840 constanter
1486 2806 1648 2842 retinent.
1665 2826 1714 2834 --
1757 2810 1815 2842 10.
1840 2809 1964 2854 primia
1990 2817 2062 2841 erat
2090 2807 2210 2853 pavor]
2244 2804 2327 2848 .,lib.
