2844 3382
2329 490 2372 522 21

1218 552 1227 569 1

510 590 599 624 est.“
662 588 753 622 Lov.
789 589 822 620 1.
858 592 892 619 et
924 585 1017 620 Hav.
1054 596 1133 619 cum
1166 582 1320 631 pluribus
1355 584 1527 618 codicibus
1560 591 1595 618 et
1625 583 1833 618 editionibus
1867 586 2012 631 antiquis
2044 586 2194 621 offerunt
2228 585 2380 632 efflictis.

511 648 617 692 Quod
651 658 719 691 qua
752 645 884 678 ratione
911 645 1021 690 possit
1045 644 1226 691 explicari,
1260 657 1329 678 non
1355 645 1536 690 perspicit).
1586 642 1677 677 Satis
1710 644 1866 688 apposite
1889 645 2289 692 Baumgarten-Crusius
2316 646 2380 679 ad-

510 704 645 753 scripsit
676 702 782 737 verba
807 712 881 750 cap.
907 703 965 737 58.
992 711 1050 737 aut
1075 711 1193 738 contra
1217 704 1369 737 enitentes
1393 703 1516 736 vortice
1539 702 1657 735 intorti
1679 699 1930 748 affligebantur.
1955 721 2007 729 -
2053 704 2138 738 lbid.
2164 713 2192 737 et
2217 703 2377 750 homines]

503 766 567 806 „in
591 762 652 795 lib.
676 773 806 795 manus.
828 762 993 796 haben-t.“
1041 763 1098 795 Sic
1117 762 1207 796 Lov.
1229 766 1261 795 1.
1289 770 1322 795 et
1342 762 1433 795 Hav.
1482 762 1559 794 Hae
1583 760 1730 794 voculae
1755 760 1836 793 alibi
1862 774 2000 807 quoque
2026 775 2045 794 a
2069 762 2212 796 librariis
2237 776 2376 808 permu-

507 826 596 855 tatae
620 825 710 854 sunt.
761 818 842 854 Vid.
867 819 996 854 Handii
1020 819 1208 854 Tursellin.
1233 818 1315 853 Vol.
1340 818 1383 852 II.
1409 832 1445 864 p.
1474 817 1557 852 540.
1584 825 1616 852 et
1642 816 1702 852 ΠΙ.
1727 831 1762 865 p.
1790 820 1873 853 356.

606 877 690 923 Cap.
718 878 892 918 XXXVI,
918 879 981 911 ⁵2.
1007 878 1167 920 Natura]
1194 877 1276 917 ,‚lib.
1302 884 1374 908 vet.
1400 879 1519 907 nam.“
1569 877 1727 908 Errorem
1752 876 1889 910 librario
1917 878 2044 910 obiecit
2068 879 2255 923 scripturae
2281 890 2377 910 com-

507 935 671 983 pendium
696 926 739 972 ula
763 946 828 982 pro
851 932 1022 969 vocabulo
1048 941 1175 967 natura
1199 931 1283 980 poni
1307 930 1456 967 solitum.
1481 952 1531 958 —
1556 934 1590 967 5.
1614 931 1807 979 praealtae]
1835 933 1918 976 „alii
1935 932 2132 981 per-aliae.“
2181 935 2272 970 Hav.
2300 947 2377 969 cor-

509 995 642 1040 ruptius
676 994 776 1026 etiam
806 1004 874 1036 par
907 990 1019 1035 aliae5
1055 990 1145 1024 Lov.
1181 994 1215 1023 1.
1248 988 1445 1033 praealtae,
1481 990 1574 1033 quod
1605 989 1704 1021 Valla
1737 992 1863 1035 optime
1895 994 2051 1025 restituit.
2102 993 2190 1027 Nam
2213 991 2377 1038 peraltus,

508 1064 614 1098 quum
646 1050 801 1086 Macrob.
829 1049 899 1084 Sat.
926 1049 987 1093 VI,
1013 1052 1047 1084 2.
1071 1049 1108 1083 in
1133 1048 1238 1083 Ennii
1263 1060 1366 1083 versu
1392 1059 1463 1081 non
1485 1045 1642 1094 peralta,
1677 1047 1738 1083 sed
1761 1061 1824 1094 per
1846 1047 1922 1083 alta
1946 1050 1991 1084 sit
2014 1050 2252 1094 scribendum,
2289 1063 2377 1086 nus-

511 1121 611 1154 quam
644 1108 788 1156 legitur:
818 1106 994 1154 praealtus
1026 1107 1117 1153 apud
1140 1107 1282 1141 Livium
1307 1105 1488 1151 aliquoties
1512 1106 1690 1152 reperitur.
1716 1124 1766 1131 -—
1790 1107 1850 1138 *6.
1875 1106 2003 1152 labem]
2030 1108 2114 1149 ,‚lib.
2139 1121 2291 1142 manusc.
2317 1117 2375 1142 ia-

509 1166 621 1202 hem.“
670 1167 727 1202 Sic
749 1166 946 1212 Pyndenius
965 1167 1146 1214 perspicue
1171 1164 1354 1200 admodum
1380 1164 1528 1212 scripsit.
1578 1164 1618 1199 In
1643 1164 1763 1199 Eberti
1786 1172 1900 1199 tamen
1926 1164 2087 1212 exemplo
2112 1165 2216 1201 talem
2240 1166 2377 1214 legitur.

506 1227 606 1261 Nunc
631 1226 735 1273 igitur
760 1226 978 1259 coniecturae
998 1238 1121 1272 perse
1146 1225 1372 1267 certissimae,
1399 1236 1443 1258 ex
1469 1236 1536 1269 qua
1560 1224 1757 1258 Gronovius
1783 1222 1896 1256 labem
1920 1225 1957 1257 in
1983 1224 2093 1257 tabem
2119 1226 2281 1269 mutavit,
2314 1237 2377 1258 co-

508 1285 592 1319 dicis
618 1285 733 1319 nescio
758 1284 854 1317 cuius
874 1284 1052 1317 auctoritas
1078 1283 1230 1318 accessit.
1279 1282 1444 1318 Similiter
1468 1282 1548 1316 Liv.
1575 1281 1668 1323 XLI,
1697 1283 1755 1315 15.
1781 1281 1922 1328 vulgato
1948 1282 2243 1326 inenarrabiliter,
2271 1295 2376 1328 quum

505 1344 541 1377 in
576 1342 652 1376 cod.
682 1342 840 1379 ,Vindob-
874 1340 1169 1374 inenarrabilitate
1199 1349 1332 1375 exstare
1366 1335 1579 1382 didicissem,
1612 1338 1839 1372 inenarrabili
1869 1340 1953 1373 tabe
1976 1341 2252 1375 substituendum
2288 1353 2375 1383 esse,

507 1401 701 1435 coniectura
726 1410 796 1432 non
821 1399 933 1432 minus
957 1406 1047 1433 certa
1072 1406 1171 1444 atque
1197 1412 1216 1431 a
1240 1397 1399 1433 Bekkero
1423 1399 1523 1432 tacite
1549 1398 1770 1444 comprobata·
1790 1399 1969 1444 perspexi..
2015 1399 2097 1432 Vid.
2129 1399 2303 1433 Adnotatt.
2330 1399 2376 1432 ad

506 1457 657 1491 Sallustii
689 1457 779 1490 Hist.
812 1456 890 1489 Lib.
922 1456 983 1489 III.
1016 1458 1218 1502 Fragmenta
1249 1470 1284 1502 p.
1314 1445 1377 1490 80ss
1397 1476 1447 1482 —
1477 1457 1539 1489 *7.
1564 1455 1616 1498 ut]
1650 1459 1744 1496 „et.“
1800 1456 1908 1497 Quod·
1928 1456 2068 1501 Lipsius
2093 1458 2168 1490 sive
2193 1458 2230 1489 in
2255 1457 2374 1490 codice

507 1515 623 1551 nescio
650 1526 717 1561 quo
743 1514 896 1557 invenit,
932 1514 1006 1549 sive
1035 1526 1080 1549 ex
1105 1515 1299 1549 coniectura
1323 1512 1561 1560 reponendum
1586 1512 1738 1555 censuit,
1772 1525 1877 1558 quum
1903 1521 1933 1545 et
1958 1513 2121 1547 adverbio
2147 1522 2181 1547 ut
2208 1514 2375 1548 substitu-

505 1565 598 1614 tum,
631 1574 698 1605 nisi
728 1584 876 1615 sequens
911 1586 935 1604 a
968 1572 1160 1612 deleveris,
1195 1573 1240 1604 ad·
1271 1573 1467 1616 proximum
1495 1580 1546 1611 et,
1580 1582 1648 1614 quo
1683 1572 1789 1602 verba
1814 1583 1881 1602 non
1907 1572 2081 1614 recipiente
2103 1573 2274 1616 vestigium
2299 1584 2375 1604 cum

506 1631 727 1678 sequentibus
758 1631 794 1664 in
822 1645 931 1677 prono
966 1631 1061 1665 citius
1089 1628 1188 1677 pedes
1209 1627 1385 1677 fallente,
1419 1642 1505 1676 quae
1530 1626 1671 1675 vulgato
1691 1625 1777 1674 pede
1799 1642 1832 1661 se
1846 1625 2012 1675 fallente*
2027 1629 2262 1663 substituenda
2289 1642 2375 1673 esse,

506 1690 687 1722 Max-tinius
713 1700 850 1733 quoque
875 1697 955 1734 post
979 1688 1298 1721 Drakenborchium
1323 1688 1432 1729 vidit,
1457 1686 1657 1732 simpliciter
1682 1685 1904 1730 copulantur,
1934 1686 2052 1719 referri
2076 1696 2243 1731 nequeat,
2276 1685 2375 1720 rrullo

505 1755 605 1796 pacto
630 1754 744 1794 potest
768 1747 910 1782 admitti.
961 1746 1120 1782 Ceterum
1146 1747 1188 1781 de
1214 1755 1287 1781 toto
1312 1746 1379 1781 hoc
1403 1745 1502 1790 loco,
1536 1745 1596 1792 qui
1620 1745 1861 1791 interpretibus
1888 1757 2025 1791 quoque
2049 1753 2189 1781 taetram
2214 1744 2375 1780 luctatio-

505 1818 586 1839 nem
611 1807 795 1848 contraxit,
821 1806 894 1838 vid.
916 1805 1074 1840 Walchii
1091 1806 1285 1838 Emendatt.
1310 1805 1391 1836 Liv.
1416 1816 1452 1849 p.
1476 1806 1534 1836 83.
1560 1816 1636 1848 sqq.
1663 1811 1697 1835 et
1722 1804 1900 1835 Buettneri
1926 1803 2122 1836 Observatt.
2148 1805 2227 1836 Liv.
2253 1816 2287 1848 p.
2315 1806 2372 1835 57.

506 1877 581 1910 sqq.
616 1864 671 1898 cui
694 1863 859 1907 Wolffiqs
891 1864 937 1897 ita
964 1864 1123 1906 accessit,
1156 1871 1195 1897 ut
1215 1860 1407 1909 prolapsis,
1441 1861 1534 1906 quod
1559 1860 1736 1895 Bekkerus
1763 1861 1864 1893 etiarn
1891 1861 1933 1894 de
1957 1854 2125 1895 Gronovii
2152 1869 2185 1895 et
2211 1860 2371 1894 Draken—

506 1921 638 1955 borchii
654 1921 821 1954 sententia
834 1920 1014 1966 praetulit,
1039 1933 1101 1967 pro
1125 1920 1300 1967 prolapsi,
1327 1919 1546 1959 cor-ruebant,
1573 1918 1666 1963 quod
1683 1917 1801 1950 itidem
1826 1917 2003 1950 Bekkerus
2029 1918 2245 1951 Gronovium
2270 1930 2371 1951 secu-

506 1988 561 2013 tus
578 1979 725 2023 recepit,
750 1990 812 2023 pro
832 1988 1043 2019 corruerunt,
1070 1981 1171 2011 eii-am
1192 1991 1253 2023 pro
1271 1980 1461 2018 etiamtum,
1488 1978 1549 2010 cui·
1568 1976 1745 2009 Bekkerus
1774 1976 1875 2007 etiam
1895 1984 1963 2007 ium
1988 1976 2181 2017 substituit,
2208 1975 2372 2008 iactamlo

506 2034 772 2085 pro-iactandis,
799 2034 874 2069 alta
900 2048 963 2083 pro
988 2034 1074 2079 alte,
1102 2044 1136 2070 et
1151 2037 1228 2069 nive
1247 2048 1309 2082 pro
1332 2034 1445 2081 glacie
1468 2034 1640 2069 scriberet.
1689 2032 1867 2067 Nonnulla
1890 2045 1932 2066 ex
1949 2032 2002 2066 his
2019 2046 2079 2079 per
2096 2045 2243 2067 errorem
2261 2033 2373 2080 posita

508 2108 601 2138 esse,
632 2103 751 2141 postea
774 2096 981 2128 videbimus.
1010 2113 1054 2120 -
1106 2088 1219 2127 *Ibici
1244 2108 1299 2126 seu
1323 2094 1489 2137 manibus]
1516 2100 1610 2134 „vet.
1636 2091 1694 2123 lib.
1720 2094 1854 2123 semei.“
1904 2093 1982 2123 Hoc
2007 2092 2147 2137 vulgato
2172 2106 2244 2133 mi,
2279 2092 2373 2136 quod

507 2154 612 2189 ceteri
647 2153 782 2188 codices
813 2160 968 2197 servant,
1006 2164 1076 2188 non
1101 2152 1361 2199 praeferendum
1387 2164 1461 2187 esse
1486 2157 1636 2198 apparet.
1685 2149 1781 2184 Vide
1800 2150 1927 2197 igitur,
1954 2162 1998 2184 ne
2023 2149 2106 2184 haee
2131 2149 2303 2184 adnotatio
2331 2149 2373 2183 ad

505 2212 611 2245 verba
641 2224 675 2242 se
707 2210 930 2252 adiuvissent,
961 2223 1048 2255 quae
1080 2218 1192 2243 tanen
1229 2218 1263 2243 et
1293 2211 1367 2254 ipsa
1399 2211 1473 2242 sine
1507 2204 1697 2252 scripturae
1718 2208 1912 2240 diversitate
1937 2208 1973 2239 in
1999 2208 2170 2240 codicibus
2196 2208 2239 2240 ad
2265 2220 2372 2241 unum

507 2267 665 2303 omnibus
689 2265 867 2313 leguntur,
901 2268 947 2301 sit
969 2267 1156 2301 referenda.
1208 2266 1317 2310 Quid,
1351 2266 1446 2312 quod
1469 2265 1666 2311 Pyndenius
1691 2264 1783 2310 ipse,
1816 2277 1919 2309 quum
1946 2271 2059 2297 notam
2084 2264 2232 2309 primum
2259 2277 2371 2299 vocu-

504 2325 558 2360 lae
591 2332 640 2367 et,
674 2323 797 2357 deinde
829 2325 986 2368 sequenti
1017 2338 1072 2357 seu
1104 2332 1254 2367 temere,
1291 2323 1437 2370 opinor,
1464 2323 1676 2369 apposuerit,
1712 2329 1747 2354 et
1769 2321 1882 2354 literas
1908 2334 1947 2353 re
1967 2322 2164 2367 pronomini
2195 2336 2245 2365 sc,
2279 2323 2373 2368 quod

505 2386 540 2417 in
562 2391 712 2416 extremo
739 2394 840 2414 versu
866 2381 1007 2426 legitur,
1033 2384 1068 2413 in
1095 2383 1245 2427 margine
1271 2383 1416 2414 adiectas
1442 2381 1634 2420 induxerit,
1661 2388 1780 2411 notam·
1800 2388 1913 2412 autem
1938 2380 2017 2412 huic
2045 2380 2215 2413 vocabulo
2234 2393 2307 2413 non
2324 2383 2372 2413 si-

505 2442 723 2483 nistrorsum,
748 2446 786 2473 ut
811 2437 907 2483 alibi,
933 2438 993 2473 sed
1019 2439 1234 2473 dextrorsum
1260 2438 1449 2485 appositam
1474 2449 1544 2471 non
1570 2435 1761 2479 sustulerit,
1787 2436 1897 2483 Lipsii
1924 2437 2180 2471 adnotationem
2205 2436 2313 2472 literis
2339 2451 2373 2471 vc

506 2501 726 2546 subscriptam
749 2499 793 2531 ad
814 2499 880 2531 hoc
905 2499 1021 2544 ipsum
1041 2510 1229 2543 pronomen
1255 2497 1410 2531 retulisse
1434 2497 1581 2530 videtur.
1607 2516 1655 2521 —
1704 2495 1818 2528 *Ibid.
1842 2496 2000 2541 prolapsi
2024 2498 2053 2528 si
2078 2498 2203 2530 iterum-
2225 2500 2370 2531 corruis-

504 2559 586 2606 sent]
611 2556 806 2605 „prolapsis
835 2558 952 2591 iterum
977 2558 1207 2591 οθιϊιιιϊεηί.εί
1253 2556 1310 2590 Sic
1333 2554 1425 2589 Flor.
1452 2553 1587 2601 aliique.
1612 2554 1701 2588 Lov.
1726 2556 1760 2588 1.
1782 2552 1940 2604 prqlapsi
1965 2556 1998 2588 si«
2019 2556 2138 2588 iterum
2165 2557 2369 2596 corruissent,

504 2620 597 2652 Hav.
622 2616 746 2661 aliique
772 2615 964 2661 complures
987 2615 1159 2661 prolapsis
1183 2616 1303 2647 iterum
1329 2615 1544 2655 corruissent,
1570 2614 1694 2645 omissa
1717 2612 1884 2657 particula
1907 2615 1955 2654 si,
1992 2626 2077 2658 quae
2103 2614 2159 2646 hic
2186 2626 2203 2645 a
2228 2614 2368 2646 librariis

504 2676 604 2712 facile
630 2684 665 2711 et
690 2674 768 2709 addi
791 2675 919 2722 potuit,
945 2683 979 2709 et
1004 2675 1124 2709 omitti.
1174 2674 1298 2710 Utrum
1321 2673 1444 2720 igitur,
1475 2671 1516 2706 id·
1535 2670 1627 2718 quod
1652 2671 1909 2718 Baungarterr-
1921 2670 2042 2707 Crusio
2068 2671 2293 2718 adstipulante
2317 2671 2367 2705 se-

505 2736 632 2776 cimus,
666 2735 708 2767 de
741 2734 906 2782 sententia
937 2733 971 2766 V
974 2733 1054 2766 ossii
1088 2741 1125 2766 et
1141 2732 1293 2767 Walchii
1319 2743 1363 2765 ex
1389 2731 1486 2764 Cant.
1511 2731 1598 2776 ipsis·
1617 2728 1836 2763 adminicaelis
1856 2729 2014 2775 prolapsi
2037 2732 2066 2762 si
2090 2732 2206 2762 iterum
2233 2741 2363 2762 corrue-

505 2789 579 2827 rent
595 2792 850 2838 recipiendum,
877 2805 923 2827 an·
941 2805 1017 2828 cum
1043 2791 1201 2827 Bekkero
1227 2804 1272 2827 ex
1297 2790 1471 2827 Gronovij-
1490 2789 1688 2825 coniectura
1710 2790 1794 2836 ipsis
1817 2786 2032 2824 aduenit-ulis
2053 2786 2224 2834 prolapsis
2248 2787 2363 2819 iseram
