2844 3376
8 1336 15 1344 u
0 1262 3 1314 vva
0 1136 5 1253 *νην-,-
0 1022 3 1124 «ἡὴ-.-

448 477 494 509 30
1224 502 1246 524 0

2266 524 2275 541 s

443 573 491 615 X,
508 574 567 615 20,
585 572 620 606 2.
637 576 789 605 nostram
810 567 924 616 Epist,
943 568 985 603 ad
1006 567 1116 603 orell.
1134 580 1169 616 p.
1185 569 1243 604 36.
1264 573 1295 599 et
1315 576 1401 611 quae
1421 564 1462 598 ad
1479 565 1559 600 Liv.
1571 564 1712 608 XXXI,
1724 567 1757 599 8.
1769 572 1806 599 et
1820 548 1991 613 XXXIII,
2006 563 2065 597 25.
2081 560 2327 597 adnotabimus.

441 652 489 659 -
515 635 550 665 7.
576 627 828 673 obsolevissent]
856 628 939 672 „alii
956 627 1198 662 absolevissent.
1233 627 1383 669 Utraque
1400 623 1502 658 lectio
1522 624 1670 670 proba.“
1695 624 1788 659 Low·
1815 628 1847 661 1.
1869 618 2327 666 absolvissent,Hav.absol„

439 693 570 731 vis-sent,
588 688 651 723 sed
670 687 764 721 Flor.
792 695 826 721 et
844 687 942 722 Cant.
959 684 1202 726 absolevissent,
1220 682 1323 727 quod,
1342 694 1448 726 quum
1471 682 1618 715 verbum
1635 680 1842 715 absolescere
1858 684 1949 729 apud
1975 682 2133 719 classi-os
2148 682 2330 728 scriptores

441 750 566 784 frustra
592 755 786 794 quaeratur,
814 746 944 780 admitti
972 744 1099 788 nequit.
1116 760 1165 766 —
1194 745 1250 776 to.
1269 739 1505 785 oneratosque]
1519 737 1594 781 „acl
1613 738 1678 773 hoc
1696 751 1818 789 graev
1834 738 1893 773 alii
1910 740 2065 787 legunt.“
2090 740 2181 775 Lov.
2200 745 2233 777 1.
2251 751 2329 774 cum

443 808 522 842 Put.
536 806 682 853 aliisque
698 805 747 840 acl
763 805 826 839 hoc
841 804 975 838 caravis
987 799 1141 847 praeda,·
1160 800 1252 833 Hav.
1273 799 1465 844 corruptius
1485 798 1586 832 etiam
1604 810 1726 832 caussa
1738 796 1900 843 praedae,
1909 799 2024 833 verbis
2042 797 2091 833 611
2106 798 2172 833 Ῐιοσ
2185 798 2329 833 omissis.

445 866 517 901 Sed
533 867 672 912 Lipsius
690 864 790 909 ipse,
809 862 1005 907 priusquam
1033 859 1162 893 codicis
1189 857 1364 892 Cuiaciani
1389 858 1463 891 sive
1489 857 1580 892 Lov.
1599 859 1633 890 1.
1652 856 1752 902 copia
1768 863 1858 890 esset
1878 855 1986 899 facta,
2015 856 2122 903 Epist.
2139 856 2282 900 Quaest.
2302 857 2330 898 1,
2381 882 2389 892 .

449 928 508 959 12.
535 924 619 958 haec
651 920 845 955 adnotavit:
873 918 937 960 „In
963 930 1043 951 mss.
1072 918 1310 963 incompositos
1336 914 1465 948 adhoc
1491 916 1627 949 caravis
1649 913 1794 960 praeda.
1844 899 2123 961 Livii‘germana
2147 913 2250 947 lectio
2270 916 2332 948 erit

448 982 706 1026 incompositos,
739 976 877 1010 adhoc
900 990 1021 1021 graves
1044 976 1190 1023 praeda.
1242 975 1329 1010 Nam
1362 974 1493 1018 antiqui
1527 972 1655 1006 librarii
1689 970 1719 1005 C
1740 984 1803 1018 pro
1833 969 1906 1007 G.“
1962 973 2073 1015 Vide,
2108 985 2194 1018 quae
2229 985 2331 1018 supra

445 1040 488 1074 ad
507 1050 586 1090 gap.
614 1037 674 1079 26,
702 1037 735 1069 6.
763 1034 1016 1070 adnotavimus.
1066 1034 1223 1081 Lipsium
1251 1022 1358 1066 secuti
1390 1031 1589 1063 Gronovius
1614 1029 1663 1061 acl
1687 1022 1773 1062 Iz’aec
1794 1042 1915 1074 graves
1938 1029 2082 1074 praeda,
2110 1038 2143 1063 et
2170 1030 2329 1063 Draken-

445 1097 617 1137 bordrius,
632 1094 679 1128 acl
704 1094 769 1127 hoc
793 1107 913 1139 graves
936 1092 1070 1140 praeda
1097 1093 1289 1126 ediderunt.
1308 1111 1349 1116 ———
1380 1090 1466 1124 lbid.
1481 1088 1709 1134 inopinantes]
1737 1088 1955 1136 „inopbtatoe
1980 1087 2039 1122 lib.
2064 1090 2240 1123 manusc.“
2273 1088 2331 1123 Sic
2363 1102 2368 1106 ·

445 1157 537 1190 Lov-
564 1158 600 1191 1.
626 1167 706 1188 cum
731 1153 871 1195 ceteris,
905 1164 991 1198 quos
1018 1151 1217 1187 Gronovius
1242 1157 1277 1184 et
1302 1146 1606 1183 Drakenborchius
1638 1146 1748 1180 secuti
1772 1154 1875 1189 sunt,
1908 1154 2055 1192 excepto
2081 1146 2174 1180 Hav.
2200 1147 2236 1179 in
2261 1158 2330 1192 quo

446 1214 659 1259 inopinantes
692 1210 830 1257 legitur.
881 1210 962 1244 Liv.
999 1210 1174 1250 XXXIV,
1210 1212 1267 1244 13.
1303 1209 1338 1240 in
1372 1207 1448 1240 eod.
1484 1207 1602 1239 ssamb.
1637 1217 1775 1250 quoque
1807 1206 2015 1250 inopinantis
2046 1216 2109 1251 pro
2140 1206 2332 1250 inopinatos

447 1273 626 1317 reperitur.
686 1268 852 1302 Similiter
882 1266 1023 1315 palqtos
1057 1276 1092 1302 et
1124 1266 1285 1314 palantes
1317 1264 1523 1313 permutari,
1557 1263 1697 1310 Lipsius
1723 1262 1765 1298 ad
1796 1256 1932 1307 Liv.'1,
1956 1267 2013 1308 11,
2046 1267 2077 1299 1.
2105 1262 2249 1297 monuit.
2282 1280 2331 1288 -

449 1331 536 1365 '11.
563 1326 747 1375 sequentes]
775 1328 986 1374 „sequente.“
1035 1325 1175 1373 Lipsius
1192 1326 1295 1373 igitur
1310 1326 1385 1359 sive
1403 1336 1449 1360 ex
1467 1322 1586 1357 codice
1612 1323 1729 1357 nescio
1752 1334 1825 1368 quo
1850 1322 2011 1368 protulit,
2037 1322 2112 1355 sive
2138 1321 2333 1355 coniectura
2367 1346 2369 1349 v

446 1387 641 1435 praecepit,
668 1385 763 1432 quod
787 1386 855 1422 lac.
882 1385 1102 1428 Gronovius,
1128 1398 1232 1431 quem
1257 1396 1336 1419 cum
1355 1382 1503 1425 elerico,
1518 1380 1673 1416 Strothio
1690 1388 1724 1415 et
1740 1379 2113 1427 Baumgarten—Crusio
2138 1381 2246 1415 secuti
2270 1392 2331 1415 su-

447 1459 543 1490 mus,
566 1444 712 1493 vulgato
739 1444 1016 1481 substituendum
1037 1456 1112 1479 esse
1138 1443 1329 1491 suspicatus
1356 1448 1420 1475 est.
1469 1440 1566 1474 Idem
1591 1438 1776 1475 XValchius
1801 1438 1996 1473 Emendatt.
2022 1438 2102 1472 Liv.
2128 1451 2163 1485 p.
2191 1440 2274 1472 169.
2298 1446 2332 1471 et

447 1506 615 1542 VVolffius
651 1504 798 1538 adsensu
823 1504 1151 1550 comprobaverunt.
1200 1502 1411 1535 Benedictus
1445 1508 1564 1534 contra
1600 1498 1789 1533 Observatt.
1827 1497 1876 1532 acl
1907 1497 2074 1546 quaedam
2115 1496 2206 1531 Livii
2237 1496 2330 1538 loca,

452 1563 663 1610 Torgauiae,
690 1563 800 1597 1800.
825 1573 862 1607 p.
886 1563 924 1596 4.
951 1559 1039 1594 nihil
1073 1559 1294 1602 mutandum,
1321 1559 1381 1593 sed
1405 1566 1516 1592 totum
1542 1557 1656 1590 locum
1684 1569 1804 1603 parum
1834 1542 2055 1603 probabiliter
2079 1556 2126 1589 ita
2149 1556 2331 1601 interpun-

451 1622 604 1668 gendum
630 1620 786 1654 eensuit:
816 1618 934 1652 Varia
959 1618 1038 1652 inde
1061 1629 1195 1665 pugnem
1222 1625 1387 1663 sequentes
1412 1629 1620 1662 quamquam
1648 1615 1696 1648 acl
1719 1617 1907 1649 (rhemum
1933 1623 2128 1661 aequassent
2152 1623 2332 1654 certamen,

453 1681 565 1713 maior
586 1687 699 1714 tamen
715 1676 861 1711 hostium
880 1674 1052 1710 Romanis
1072 1675 1183 1723 fama
1202 1675 1364 1709 victoriae
1385 1673 1468 1720 fuit.
1504 1672 1691 1707 Bekkerus‘
1707 1680 1820 1706 autem
1847 1672 1891 1706 de
1916 1674 2035 1705 Franc.
2059 1671 2190 1704 sanctii
2216 1678 2249 1703 et
2274 1671 2330 1702 Fr.

452 1737 624 1772 Gronovii
648 1736 820 1772 sententia
845 1735 974 1769 edidit:
1020 1734 1137 1768 Varia
1162 1734 1240 1767 inde
1262 1746 1376 1779 pugna
1405 1730 1552 1765 cedentes
1575 1739 1802 1777 sequentesque
1826 1737 1891 1764 etc.
1918 1728 2030 1774 quod,
2066 1740 2171 1774 quum
2207 1726 2331 1773 copula

452 1809 515 1843 que
549 1793 723 1829 vocabulo
756 1802 922 1840 sequentes
955 1795 991 1826 in
1025 1793 1101 1827 cod.
1137 1792 1213 1826 Put.
1244 1791 1395 1831 adiecta,
1430 1790 1465 1822 id
1491 1788 1585 1834 quod
1609 1787 1775 1823 Wolffius
1799 1794 1891 1820 recte
1917 1787 2150 1828 monuit„ex
2174 1786 2333 1830 sequenti

411 1881 415 1886 .
452 1864 661 1901 quamquam
677 1852 759 1885 oriri
772 1852 945 1897 potuerit,
971 1852 1124 1897 recipere
1151 1849 1269 1883 nolim.
1294 1867 1344 1873 -—-
1370 1846 1483 1882 ‘lbid.
1510 1844 1724 1893 aequassent]
1751 1845 1993 1892 ‚‚aequasset.“
2043 1843 2149 1888 Quod
2167 1855 2273 1890 quum
2290 1843 2332 1877 ad

450 1924 577 1945 nomen
609 1922 727 1957 pugna
752 1909 871 1943 referri
896 1917 1062 1955 nequeat,
1100 1908 1161 1943 sed
1188 1908 1230 1941 ad
1255 1905 1463 1942 vocabulum
1494 1912 1681 1951 pugnantes
1706 1905 1897 1950 pertineat,
1931 1901 2074 1950 wssato
2100 1914 2169 1937 non
2196 1902 2331 1948 praese-

449 1970 595 2004 rendum
621 1981 695 2004 esse
720 1975 872 2015 apparet.
932 1967 1012 2002 Liv.
1039 1967 1184 2012 XXIX,
1211 1966 1270 2000 34.
1304 1977 1391 1999 mox
1415 1963 1528 2010 plures
1553 1961 1655 1996 simul
1681 1961 1830 2009 conferti
1860 1970 1961 2007 porta
1987 1960 2087 2009 ffasi
2111 1953 2333 2006 aequaverunt

451 2036 633 2063 certamen.
1934 2046 1936 2048 ,

549 2085 633 2131 Cap.
659 2084 755 2126 LIV,
784 2089 817 2119 1.
844 2082 893 2116 acl
918 2084 1040 2129 equites
1065 2066 1194 2128 quoque
1218 2079 1389 2125 tegendos]
1415 2080 1542 2124 „equiti
1568 2091 1695 2124 quoque
1720 2076 1897 2123 tegendo.“
1930 2076 2020 2110 Lov.
2041 2079 2074 2111 1.
2095 2084 2128 2110 et
2143 2076 2235 2110 Hav.
2255 2089 2332 2110 cum

450 2144 543 2180 Flor.
571 2151 606 2178 et
633 2141 732 2177 Cant.
769 2141 914 2187 aliisque
949 2141 1070 2188 equites
1103 2152 1231 2186 quoque
1262 2136 1421 2184 tegendo,
1453 2136 1546 2182 quod
1579 2135 1758 2170 Bekkerus
1792 2135 1933 2181 recepit.
1983 2134 2056 2169 Nos
2088 2132 2177 2167 illud
2208 2134 2332 2180 ipsum,

451 2203 545 2249 quod
570 2202 713 2248 Lipsius
741 2213 786 2234 ex
813 2200 932 2233 codice
959 2200 1076 2233 neseio
1104 2210 1172 2242 quo
1208 2196 1393 2243 protulisse
1427 2195 1585 2239 videtur,
1611 2208 1689 2229 cum
1714 2195 1868 2229 Strothio
1895 2201 1928 2227 et
1946 2191 2333 2239 Baumgarten-Crusio

450 2273 521 2294 non
546 2261 622 2295 sine
648 2258 746 2293 libris
771 2256 916 2304 vulgato
943 2256 1195 2291 substituimus.
1247 2255 1370 2288 Utrum
1398 2260 1564 2299 praestet,
1591 2251 1647 2285 alii
1671 2252 1835 2287 viderint.
1852 2268 1901 2276 —-
1936 2255 1969 2286 3.
1987 2249 2223 2296 praeconium]
2249 2249 2332 2291 „lib.

450 2327 521 2353 vet.
547 2326 621 2365 opt.
647 2317 775 2351 habent
805 2315 1029 2362 praetorium.
1042 2316 1067 2333 “
1117 2313 1175 2347 Sic
1201 2312 1292 2346 Lov.
1322 2315 1353 2344 1.
1382 2319 1415 2344 et
1441 2311 1533 2344 Hav.
1560 2322 1639 2344 cum
1674 2311 1796 2344 ceteris
1822 2309 1862 2342 ad
1889 2320 1995 2342 unum
2022 2308 2192 2341 omnibus.
2226 2307 2332 2341 Recte

453 2378 554 2423 igitur
578 2376 718 2422 Lipsius
745 2375 787 2408 de
814 2373 927 2408 Milit.
953 2373 1057 2407 Rom.
1084 2371 1130 2415 V,
1157 2377 1191 2408 2.
1219 2371 1263 2404 de
1289 2370 1355 2403 hoc
1381 2369 1479 2404 loco:
1513 2369 1613 2415 „Ego
1639 2380 1743 2412 vero,
1778 2368 1919 2414 inquit,
1935 2379 2005 2400 non
2031 2365 2173 2399 admitto
2200 2366 2235 2398 in
2260 2365 2333 2398 Ro-

455 2447 553 2468 mana
577 2442 634 2468 aut
657 2433 787 2468 Punica
812 2431 933 2466 militia
952 2443 1155 2478 praecones,
1183 2430 1248 2463 etsi
1273 2428 1423 2463 Graecos
1448 2427 1607 2461 habuisse
1632 2428 1740 2474 probe
1765 2427 1857 2461 seio:
1885 2413 2063 2472 magisque
2087 2424 2212 2458 accedo
2230 2432 2332 2458 vete-

456 2493 550 2526 ribus
575 2491 689 2534 libris,
718 2493 753 2525 in
779 2493 904 2537 quibus
929 2497 1124 2524 constanter
1150 2489 1288 2535 repperi
1311 2489 1521 2534 praetorium
1547 2488 1705 2520 missum:
1739 2493 1775 2520 et
1799 2486 1877 2530 quis
1903 2496 1972 2518 non
1999 2480 2174 2529 probet?“
2223 2482 2335 2529 Lipsii
2379 2514 2383 2517 .

456 2549 732 2585 emendationem
758 2550 914 2583 codicum
940 2561 1112 2583 consensu
1137 2548 1301 2582 firmatam
1328 2558 1465 2589 omnes,
1492 2553 1530 2580 ut
1554 2558 1615 2592 par
1641 2553 1711 2588 est,
1737 2543 1820 2578 inde
1845 2555 1864 2577 a
1890 2541 2070 2577 Gronovio
2097 2541 2244 2575 editores
2270 2540 2333 2574 ad-

455 2610 635 2642 miserunt.
664 2625 710 2633 —
760 2609 793 2638 6.
809 2606 866 2646 ‚acl
891 2606 1091 2640 destinatum
1124 2604 1254 2650 lomim]
1291 2604 1461 2647 „delenda
1494 2616 1568 2638 vox
1592 2603 1652 2637 illa
1679 2601 1793 2637 locum
1820 2610 1854 2636 et
1879 2601 2039 2647 ponenda
2064 2601 2153 2633 inter
2177 2599 2247 2633 duo
2272 2600 2336 2633 ista

455 2667 562 2700 verba
587 2659 731 2699 consilio
756 2661 867 2696 locum
897 2663 1056 2699 avidus.“
1117 2655 1335 2698 Vocabului'n
1369 2660 1503 2705 loo-m,
1538 2661 1632 2707 quod
1661 2661 1697 2694 in
1721 2660 1897 2695 codicibus
1924 2658 2097 2704 interponi
2125 2657 2333 2691 Arntzenius

453 2723 494 2759 ad
523 2722 644 2758 Aurel.
670 2722 764 2756 Vict.
791 2733 865 2768 cap.
892 2722 952 2762 47,
975 2723 1010 2757 4.
1036 2721 1121 2755 salso
1149 2721 1324 2768 perhibet,
1362 2718 1664 2753 Drakenborchius
1689 2726 1781 2752 recte
1808 2717 1999 2762 expunxit,
2027 2715 2105 2759 quia
2131 2714 2332 2760 Semproni·

453 2795 504 2825 us,
532 2790 570 2815 ut
586 2783 643 2822 ait,
672 2781 714 2813 de
741 2780 820 2814 loco
836 2792 973 2824 pugnae
1000 2780 1087 2812 nihil
1113 2789 1260 2813 statuere
1287 2779 1418 2823 potuit,
1446 2786 1566 2823 utpote
1588 2777 1718 2810 artibus
1743 2773 1947 2809 Hannibalis
1973 2774 2009 2807 iu
2026 2785 2102 2806 eum
2130 2780 2332 2818 protractus.
