2844 3376
461 494 504 527 16

1879 527 1902 552 0

456 599 608 624 manusc.
633 584 802 633 primus.“
828 583 886 618 Sic
911 582 1007 617 Lov.
1036 586 1070 620 1.
1097 589 1131 617 et
1155 581 1248 616 Hav.
1274 591 1352 615 cum
1379 579 1513 623 ceteris,
1547 587 1695 627 excepto
1718 578 1812 614 Lov.
1839 579 1875 613 2.
1899 576 1938 612 in
1962 587 2031 623 quo
2061 571 2182 624 primis
2204 569 2343 625 legitur,

460 646 556 693 quod
579 644 744 685 Vossius,
770 654 877 686 quum
904 654 923 674 a
948 641 1096 675 Grutero
1124 648 1216 674 recte
1240 640 1275 672 in
1298 639 1429 683 primus
1455 645 1545 671 esset
1569 645 1750 680 mutatum,
1784 645 1914 671 temere
1946 644 2169 671 revocaturus
2194 643 2275 671 erat.
2295 655 2342 662 —

459 708 547 741 ἰ11.
576 701 837 749 trepidationem
870 698 1107 746 aliquantum]
1146 722 1170 742 5,
1183 695 1246 729 lib.
1277 702 1347 728 vet.
1374 691 1631 740 aliquantam.“
1663 693 1755 729 Lov.
1785 698 1817 729 1.
1844 701 1878 728 et
1902 694 1996 729 Hav.
2022 693 2243 742 trepidatione
2271 692 2343 729 ali-

459 772 622 810 quantum
645 760 805 795 cedebant
831 769 993 804 perquam
1019 756 1143 788 vitiose
1169 753 1330 786 offerunt.
1382 750 1686 785 Drakenborehius
1712 757 1840 792 autem,
1867 764 1977 796 quum
2003 751 2182 787 Gronovio
2209 760 2344 786 auctore

462 819 699 866 trepidationis
724 816 936 861 aliquantum
963 812 1166 856 scripsisset,
1192 809 1282 843 illud
1307 810 1433 854 ipsum,
1467 809 1561 853 quod
1582 809 1722 854 Lipsius
1746 808 1782 840 in
1809 807 1929 841 codice
1954 810 2072 842 nescio
2105 822 2175 854 quo
2201 810 2345 852 invenit,

463 879 660 914 coniectura
684 881 880 922 auguratus:
916 869 1100 922 „Occurrit
1123 868 1236 912 etiam,
1262 867 1388 914 inquit,
1416 867 1555 901 minima
1580 866 1767 900 mutatione
1784 863 1855 913 legi
1872 876 1975 912 posse
1991 864 2249 913 trepidationem
2270 865 2345 901 ali·

463 946 642 985 quantam,
671 943 706 967 ut
739 932 858 972 XXV,
892 932 950 971 35,
978 932 1013 962 7.
1050 925 1265 974 aliquantum
1292 940 1440 959 emensus
1463 935 1508 959 est
1534 928 1614 968 iter,
1644 923 1861 966 XXXVIII,
1887 927 1947 967 27,
1974 926 2008 958 6.
2043 923 2108 957 Per
2129 923 2345 971 aliquantum

462 997 610 1042 spatium
634 992 746 1024 secuti.
799 989 846 1022 At
871 994 1020 1034 praestat
1047 985 1182 1020 codices
1209 984 1443 1031 trepidationis
1469 983 1624 1030 legentes
1650 982 1788 1028 sequi.“
1823 981 1928 1025 Quod
1953 981 2092 1025 quidem
2115 980 2176 1016 ille
2198 983 2343 1018 verissi-

463 1068 517 1089 me
541 1049 789 1100 pronuntiavit.

563 1111 648 1158 Cap.
677 1108 820 1149 XXIX,
854 1107 911 1147 '‘⁷3-
939 1104 988 1140 ad
1003 1112 1134 1139 centum
1159 1102 1359 1149 sexaginta]
1383 1100 1463 1144 „alii
1480 1098 1750 1147 quadrag-'anast‘
1771 1099 1828 1132 Ex
1843 1097 1967 1143 Polyb.
1988 1099 2049 1142 111,
2069 1099 2130 1134 45.
2150 1098 2199 1133 ad
2220 1108 2351 1134 centum

464 1170 699 1218 quadraginta
723 1166 940 1201 scribendum
970 1177 1056 1205 esse,
1078 1164 1145 1197 iam
1176 1160 1374 1197 Gronovius
1397 1167 1489 1193 reete
1507 1154 1696 1204 suspicatus
1714 1164 1776 1191 est.
1810 1156 2027 1199 ‚,Librarios,
2051 1157 2164 1200 inquit
2182 1158 2345 1193 Draken-

465 1230 638 1271 borchius,
665 1228 711 1261 ita
736 1238 907 1273 peccasse,
923 1231 960 1258 ut
984 1219 1070 1256 LX.
1085 1232 1148 1268 pro
1164 1219 1249 1253 XL.
1266 1218 1465 1259 scriberent,
1483 1216 1633 1251 vidimus
1650 1226 1752 1261 supra
1766 1213 1811 1248 ad
1827 1214 1874 1257 X,
1893 1215 1952 1256 38,
1975 1211 2038 1246 4.“
2064 1213 2187 1252 Utrum
2201 1213 2349 1259 Polybii,

466 1301 508 1321 an
527 1288 683 1320 codicum
704 1285 820 1317 nescio
852 1294 996 1327 quorum
1014 1281 1247 1313 auctoritatem
1266 1285 1403 1312 secutus
1416 1276 1462 1310 sit
1485 1272 1637 1321 Lipsius,
1659 1286 1730 1307 non
1745 1273 1865 1316 liquet.
1892 1271 1985 1306 Illud
2012 1270 2222 1318 probabilius
2244 1272 2348 1306 vide-

463 1355 529 1380 tur.
551 1343 602 1378 Cf.
620 1342 798 1377 Adnotatt.
817 1340 859 1374 ad
880 1352 953 1387 cap.
967 1343 1025 1382 55,
1037 1341 1071 1372 2.
1090 1357 1140 1364 -—-
1157 1339 1190 1371 6.
1210 1334 1389 1380 averterat]
1416 1334 1597 1377 „avertitf‘
1620 1332 1677 1366 Sic
1693 1330 1785 1365 Lov.
1803 1333 1837 1365 1.
1856 1337 1888 1364 et
1903 1330 1996 1365 Hav.
2011 1341 2091 1364 cum
2106 1329 2241 1373 ceteris,
2257 1340 2348 1376 quo-

462 1416 537 1437 rum
563 1402 631 1435 fide
664 1398 978 1438 Drakenborchius‚
1006 1408 1111 1439 quum
1137 1395 1248 1429 Aldus
1281 1401 1450 1427 averterat
1484 1391 1860 1435 invexisset,·priscam
1886 1388 2070 1423 lectionem
2093 1400 2179 1421 revo
2202 1389 2283 1421 avit.
2299 1408 2349 1415 -—

468 1462 556 1496 lbid.
580 1451 744 1504 Μὰιαιῑ]
772 1456 861 1501 „alii
887 1453 1073 1490 Macalw‘
1126 1454 1183 1488 εἰς
1216 1452 1307 1487 Lov.
1336 1455 1369 1485 1.
1397 1458 1430 1485 et
1452 1451 1547 1485 Hav.
1584 1447 1750 1494 Polybius
1774 1446 1835 1491 111,
1861 1447 1921 1484 44.
1951 1445 2044 1481 hunc
2068 1457 2167 1493 regu,
2252 1440 2348 1481 Μά-

465 1519 572 1567 γιλην
606 1517 806 1564 appellavit.
858 1516 1043 1560 Propterea
1069 1513 1268 1547 Gronovius
1299 1511 1428 1556 primus
1455 1507 1603 1554 Magali
1628 1509 1746 1541 edidit.
2156 1495 2165 1527 s

567 1576 652 1622 Cap.
688 1574 814 1615 XXX,
841 1576 876 1606 7.
911 1571 1111 1621 exercitilgus
1137 1570 1258 1613 invias]
1294 1570 1429 1610 „invias
1455 1567 1679 1601 delendum.“
1721 1566 1801 1599 Hoc
1826 1562 2032 1599 vocabulum
2053 1562 2088 1596 in
2107 1559 2204 1601 nullo
2229 1562 2347 1597 codice
2374 1578 2377 1582 ·

465 1643 639 1682 repertum
667 1641 701 1667 et
727 1644 798 1665 non
825 1631 891 1665 nisi
918 1630 1081 1664 exteriori
1105 1641 1186 1662 orae
1211 1626 1285 1660 Pal.
1313 1625 1510 1670 3.·allitum
1538 1626 1572 1658 in
1601 1625 1655 1658 ed⁴
1681 1623 1827 1658 Mediol.
1852 1623 2000 1668 primum
2026 1622 2228 1667 comparuit.
2272 1620 2346 1654 Alii

467 1695 564 1728 aliter
590 1693 633 1726 de
659 1691 763 1725 huius
789 1689 858 1723 loci
884 1689 1051 1735 scriptura
1085 1693 1293 1728 statuerunt3
1326 1697 1440 1729 neque
1466 1684 1532 1718 hoc
1559 1684 1644 1717 mihi
1676 1694 1785 1726 sumo,
1807 1689 1848 1717 ut
1873 1687 1981 1714 tantas
2016 1679 2240 1725 interpretum
2266 1677 2344 1713 lites

469 1763 687 1798 componam.
737 1748 919 1790 Wolffius‚
943 1754 981 1780 ut
1004 1746 1070 1779 hoc
1103 1757 1209 1778 unum
1236 1743 1369 1785 addam,
1404 1742 1586 1784 Gronovii,
1620 1741 1764 1774 Strothii
1790 1747 1824 1774 et
1848 1737 2057 1783 Heusingeri
2086 1735 2344 1770 emendationes

467 1811 532 1846 sibi
560 1808 746 1856 displicere
771 1806 963 1853 praefatus:
996 1802 1313 1849 „lutam-gationis,
1340 1800 1462 1845 inquit,
1497 1800 1595 1847 signo
1621 1807 1700 1847 post
1725 1795 1926 1832 exercitibus
1951 1794 2077 1838 deleto,
2104 1801 2138 1828 et
2163 1794 2344 1829 commati-

464 1869 527 1902 bus
552 1875 632 1914 post
656 1865 768 1911 Alpes
794 1872 828 1897 et
849 1864 970 1909 paucis
994 1862 1127 1908 positis,
1153 1869 1182 1893 et
1203 1868 1281 1893 ante
1307 1858 1508 1892 exercitibus
1533 1859 1653 1891 adiice.
1680 1858 1773 1891 Tum
1798 1856 1882 1889 haec
1908 1853 2011 1888 lectio
2029 1853 2198 1899 emergit:
2220 1851 2342 1899 Alpes,

464 1927 596 1972 pendas
619 1925 751 1971 paucis,
778 1931 807 1956 et
833 1921 1033 1955 exercitibus
1069 1920 1172 1953 esse.“
1223 1918 1268 1951 Et
1293 1917 1338 1951 de
1363 1916 1418 1951 his
1447 1928 1585 1962 quoque
1613 1915 1822 1951 existimatio
1856 1911 2047 1947 communis
2074 1910 2233 1944 omnibus
2258 1917 2343 1944 esto.

466 2004 513 2010 —·
547 1986 611 2017 ⁴8.
640 1996 707 2016 non
738 1981 868 2028 pennis]
896 1980 977 2023 „alii
1003 1988 1032 2012 et
1060 1979 1209 2025 pinnis.“
1261 1976 1474 2020 Pyndenius,
1502 1976 1562 2019 qui
1587 1986 1657 2006 non
1684 1982 1713 2005 et
1737 1972 1865 2017 pennis,
1898 1969 1992 2012 quod
2016 1969 2053 2001 in
2072 1967 2199 2001 Eberti
2223 1968 2364 2001 exem-‘

464 2042 522 2089 plo
544 2041 682 2088 legitur,
701 2041 763 2074 sed
788 2048 817 2072 et
841 2039 931 2089 pinis
957 2037 1104 2082 scripsit,
1129 2036 1186 2068 hic
1205 2043 1344 2078 quoque
1371 2044 1498 2066 errasse
1524 2031 1671 2065 videtur.
1704 2030 1792 2063 Nam
1818 2026 1943 2062 vocula
1966 2034 2007 2069 et,
2033 2025 2109 2060 sive
2132 2025 2249 2071 pennis
2270 2026 2345 2060 sive

462 2101 575 2145 pinnis
602 2100 738 2145 probas,
765 2095 953 2143 particulae
980 2108 1046 2128 non
1073 2093 1233 2128 substitui
1259 2092 1389 2135 nequit.
1407 2110 1450 2117 —-
1500 2090 1563 2122 ¹⁶9.
1588 2087 1807 2131 emliaustum]
1835 2085 1918 2128 ‚‚lib.
1951 2091 2024 2118 vet.
2050 2085 2247 2117 c.1·actum.“
2285 2084 2344 2118 Si..

465 2158 589 2191 militer
615 2158 650 2189 in
686 2155 786 2189 Cant.
821 2161 1008 2187 ‹az-auctum
1035 2163 1098 2198 pro
1131 2149 1334 2184 exhaustum
1366 2148 1502 2195 legitur.
1554 2146 1691 2179 Omissa
1725 2143 1954 2190 adspiratione
2023 2141 2042 2148 ''
2069 2138 2263 2185 exaucttc‘m,
2288 2142 2345 2176 alii

466 2224 624 2249 exactum
650 2214 874 2259 scripserunt.
908 2211 1060 2244 Praestat
1085 2209 1277 2256 vulgatum,
1296 2208 1388 2253 quod
1412 2206 1502 2239 Lov.
1531 2208 1564 2236 1.
1590 2211 1623 2236 et
1648 2204 1740 2236 Hav.
1765 2214 1843 2235 cum
1865 2140 2046 2246 pleri*
2068 2199 2227 2234 omnibus
2251 2208 2344 2234 recte

465 2282 614 2308 tuentur.
632 2264 639 2268 i
657 2272 761 2306 Locis
788 2283 807 2304 a
833 2268 1118 2304 Drakenborchio
1154 2268 1263 2301 citatis
1299 2266 1386 2300 adde
1419 2264 1498 2297 Liv.
1524 2262 1570 2304 V,
1599 2268 1631 2297 5.
1678 2260 1787 2304 Quum
1821 2267 1950 2292 tantum
1976 2255 2108 2291 laboris
2142 2256 2343 2299 exhaustum

465 2332 504 2364 sit
531 2338 594 2365 etc.
621 2338 722 2374 atque
753 2328 926 2372 XXXIII,
954 2330 1013 2362 39.
1039 2324 1218 2360 Romanos
1241 2337 1302 2371 per·
1329 2331 1377 2357 tot
1402 2334 1509 2355 annos
1535 2328 1626 2353 terra
1653 2320 1807 2365 marique
1838 2326 1937 2351 tanta
1959 2315 2115 2363 pericula
2141 2329 2184 2349 ac
2209 2315 2343 2349 labores

466 2388 666 2425 exhausisse.

565 2447 648 2493 Cap.
672 2447 811 2490 XXXI,
846 2449 907 2481 ⁴6.
941 2445 1116 2492 Braneus]
1143 2442 1212 2488 „V
1208 2443 1370 2478 rancus.“
1410 2441 1500 2475 Lov.
1532 2444 1562 2476 1.
1590 2446 1624 2473 et
1649 2438 1742 2472 Hav.
1768 2436 1936 2471 Braneus.
1969 2437 2024 2470 De
2049 2434 2223 2469 literarum
2250 2433 2284 2467 B
2310 2441 2344 2467 et

470 2503 512 2538 V
531 2505 780 2552 permutatione
804 2505 877 2540 vid.
903 2505 1081 2539 Adnotatt.
1108 2503 1151 2537 ad
1174 2502 1330 2537 Sallustii
1356 2501 1448 2534 Hjst.
1474 2498 1552 2532 Lib.
1577 2497 1639 2532 111.
1665 2498 1870 2543 Fragmenta
1886 2508 1922 2541 p.
1948 2497 2009 2530 37.
2032 2512 2080 2520 —
2112 2494 2173 2526 ¹9.
2199 2494 2235 2525 in
2256 2493 2342 2525 Tri-

468 2563 633 2609 castinos]
660 2562 741 2606 „alii
770 2564 1020 2598 Τνίειιειενιοεζῑι
1051 2563 1143 2598 Lov.
1173 2566 1206 2599 1.
1233 2560 1413 2608 vulgatum
1438 2565 1569 2601 servat5
1594 2556 1632 2590 in
1657 2555 1750 2591 Hav.
1767 2554 1961 2601 corruptius
1987 2552 2088 2587 etiam
2113 2552 2199 2585 inter
2227 2548 2341 2584 Casti-

466 2636 527 2657 νιος
559 2622 696 2669 legitur.
714 2642 758 2648 --
805 2625 863 2654 11.
894 2620 1070 2667 glareosa]
1104 2620 1251 2664 „melius
1282 2618 1515 2664 glomerosa.“
1568 2614 1665 2648 Idem
1697 2613 1875 2660 Sigonius,
1906 2624 2011 2658 quem
2042 2610 2183 2656 Lipsius
2207 2616 2344 2643 secutus

465 2693 541 2716 esse
566 2680 718 2723 videtur,
743 2679 780 2712 in
805 2679 979 2713 veteribus
1003 2678 1098 2712 libris
1130 2685 1307 2725 repertum
1327 2675 1499 2723 probavit.
1541 2672 1666 2717 Neque
1698 2678 1803 2713 recte,
1830 2682 1873 2703 an
1898 2679 2090 2716 perperam,
2122 2667 2340 2713 interpretor.

464 2741 614 2775 Diversa
639 2747 754 2773 tamen
775 2745 966 2772 ceterorum
993 2737 1147 2771 codicum
1171 2737 1341 2782 scriptura
1364 2732 1506 2780 vulgato
1532 2731 1776 2779 patrocinatur.

562 2797 647 2845 Cap.
674 2795 831 2838 XXXII,
858 2798 892 2831 2.
920 2793 969 2828 ad
993 2794 1105 2840 mare]
1132 2806 1201 2836 „ac
1225 2791 1455 2839 legendum.“
1496 2791 1571 2823 Imo
1604 2787 1653 2822 ad
1676 2800 1773 2821 mare
1797 2798 1842 2821 ac
1866 2797 1977 2827 naves,
2009 2782 2102 2828 quod
2126 2782 2336 2825 Gronovius,
