2844 3382
599 675 804 719 „Invenitur
828 678 864 710 in
896 676 1100 721 bibliotheca
1133 677 1435 726 Guelpherbytana
1478 678 1678 725 exemplum
1712 679 1815 711 huius
1842 678 2020 710 editionis:
2057 679 2101 710 T.
2137 678 2227 710 Livii
2257 679 2364 712 histo-

501 739 634 770 riarum
658 735 794 771 decadis·
818 739 934 772 tertiae
956 736 1040 772 liber
1062 740 1203 784 primm.
1253 737 1347 780 RB„
1373 752 1420 772 ex
1444 739 1507 786 ff
1535 737 1774 780 Flaminiana,
1810 735 1903 784 apud
1928 734 2054 771 Franc.
2088 733 2365 784 Βαρῆσῖεηὸἰυηι,

504 795 612 837 1588,
638 795 671 829 8.
698 793 740 828 ad
765 794 860 830 cuius
885 796 1071 844 marginem
1096 803 1209 830 notata
1234 803 1314 830 sunt
1338 798 1357 829 ‘a
1382 808 1485 830 manu
1510 808 1577 831 sec.
1607 798 1650 832 16
1679 808 1729 839 ea,
1752 808 1839 842 quae
1861 795 2026 841 deinceps
2051 802 2254 840 sequuntur.
2289 797 2365 829 Ex·-

500 860 590 887 arata
615 866 688 889 esse
712 854 875 890 videntur
899 868 1002 890 manu
1028 855 1162 890 Alberti
1185 853 1457 901 Pynsseniiu),
1484 856 1543 899 qui
1568 868 1597 890 a.
1627 858 1718 889 1589
1745 855 1811 889 hoc
1837 853 1925 889 libro
1952 866 2034 889 usus
2054 862 2116 888 est.
2168 853 2281 898 Quem
2304 866 2365 890 co-

500 910 611 945 dicem
636 911 816 959 significet,
842 923 1017 958 nunquam
1043 911 1165 945 clarius
1193 911 1342 944 edocuit.
1395 910 1663 945 Accommodavi
1695 919 1807 945 autem
1834 923 1996 946 numeros
2030 912 2180 958 capitum
2207 920 2241 945 et
2264 924 2365 958 parn-

498 973 704 1019 graphorum
729 971 772 1005 ad
797 971 989 1006 editionem
1014 970 1299 1005 Drakenborch.“

1804 1027 1846 1061 F.
1899 1027 1952 1062 A.
2007 1026 2168 1062 Ebcrt.

1225 1084 1358 1122 LIVH
1385 1084 1487 1121 LIB.
1516 1083 1630 1121 XXI.

594 1203 678 1250 Cap.
711 1204 773 1247 IV,
805 1207 840 1239 6.
875 1204 1127 1249 discriminata]
1162 1203 1308 1246 „melius
1341 1203 1612 1236 ‹liszcrminata.“
1646 1203 1702 1236 Sic
1735 1203 1828 1237 Hav.
1863 1215 1940 1236 cum
1974 1202 2048 1236 solo
2081 1203 2159 1236 Ber.
2198 1201 2266 1235 Cur
2297 1202 2362 1235 hoc

495 1260 558 1304 illi,
584 1262 677 1308 quod
702 1263 837 1298 codices
862 1262 1019 1309 plerique
1045 1274 1163 1296 omnes
1189 1261 1349 1304 offerunt,
1382 1262 1425 1296 sit
1449 1261 1719 1308 praeferendum,
1746 1273 1815 1294 non
1842 1261 2023 1307 perspicio.
2076 1261 2267 1305 Utrumque
2301 1272 2362 1293 eo-

494 1319 574 1354 dem
598 1320 696 1355 redit.
712 1340 761 1347 —-
797 1324 845 1355 ’8.
871 1314 1037 1365 conserto]
1065 1320 1146 1363 ,‚lib.
1171 1328 1242 1354 vet.
1269 1319 1462 1368 confecto.“
1512 1320 1606 1354 Idem
1633 1328 1711 1366 post
1734 1319 1923 1367 Sigonium,
1952 1320 2010 1365 qui
2036 1327 2069 1352 et
2094 1320 2167 1365 ipse
2194 1318 2282 1352 hanc
2306 1317 2361 1352 le-

494 1379 642 1412 ctionem
659 1390 703 1412 ex
727 1385 789 1413 vet.
816 1376 876 1413 lib.
903 1378 1057 1425 protulit,
1073 1379 1243 1413 Hearnius
1270 1387 1303 1412 et
1329 1379 1627 1412 Drakenborchius
1650 1379 1685 1411 in
1714 1378 1787 1412 aliis
1814 1378 1987 1412 codicibus
2007 1379 2234 1411 invenerunt:
2261 1378 2357 1412 Vos-

494 1436 565 1470 sius
591 1435 733 1483 vulgato
758 1437 1032 1471 substituendum
1059 1438 1201 1471 censuit.
1250 1426 1329 1470 Non
1356 1437 1537 1470 adsentior.
1574 1438 1678 1469 Recte
1698 1437 1788 1469 enim
1805 1437 1976 1469 Bauerus:
2004 1435 2118 1478 „Illud
2137 1436 2357 1471 servandum.

496 1492 659 1541 Confecto
684 1495 816 1541 proelio
843 1507 962 1529 omnes
988 1508 1056 1528 una
1081 1495 1270 1538 decedunt3
1296 1507 1360 1528 nec
1385 1495 1433 1527 ibi
1465 1493 1590 1540 gloriae
1616 1494 1892 1540 ignominiaeque
1918 1494 2120 1527 discrimen:
2156 1501 2189 1526 at
2214 1503 2360 1528 conserto

493 1551 602 1587 semel
627 1552 758 1599 proelio
784 1553 825 1587 ad
850 1553 1009 1588 ultimum
1034 1553 1168 1595 durare,
1193 1553 1228 1586 id
1256 1552 1480 1599 gloriosum.“

592 1609 675 1657 Cap.
703 1611 746 1653 V,
774 1614 808 1645 3.
835 1609 1078 1657 iungendoque]
1106 1610 1400 1657 „iungcr1disquc.“
1422 1611 1500 1642 Hoc
1528 1621 1675 1654 quoque,
1703 1610 1796 1653 quod
1821 1610 1873 1641 illi
1899 1622 1968 1642 non
1995 1610 2223 1655 praetulerim,
2260 1618 2359 1643 vetus

491 1668 624 1714 Sigonii
648 1668 735 1703 liber
760 1669 885 1714 aliique
912 1669 1047 1704 codices
1074 1670 1297 1704 offerunt.—
1330 1670 1392 1703 ¹9.
1417 1667 1597 1714 producto]
1624 1667 1852 1714 „praeducta
1880 1666 1999 1702 Tibul.
2028 1676 2061 1702 et
2094 1668 2258 1703 Caesar.“
2293 1668 2358 1702 Ti-

492 1724 577 1761 bull.
603 1726 668 1770 IV,
697 1731 729 1771 1,
756 1729 815 1763 83.
852 1726 929 1772 Qua
954 1726 1068 1761 deceat
1094 1736 1201 1761 tutam
1227 1728 1347 1761 castris
1370 1725 1574 1774 praeducere
1587 1724 1743 1774 fossam,
1770 1727 1827 1759 ubi
1854 1727 1887 1759 in
1914 1727 2085 1773 peioribus
2111 1726 2205 1760 libris
2229 1726 2358 1773 produ-

492 1798 564 1818 cere
581 1785 715 1830 legitur.
753 1786 849 1819 Caes.
875 1787 915 1819 B.
942 1786 981 1819 C.
1001 1787 1027 1827 Ῑ,
1047 1789 1106 1820 27.
1123 1786 1248 1830 *fossas
1275 1796 1482 1818 transversas
1504 1787 1565 1818 viis
1587 1785 1775 1830 praeducit,
1794 1787 1852 1818 ubi
1879 1786 1959 1818 olim
1987 1786 2075 1819 male
2098 1786 2249 1831 perducit
2276 1787 2358 1819 ede-

492 1841 604 1876 batur.
654 1841 844 1889 Utrumque
870 1840 984 1876 locum
1010 1842 1147 1889 Lipsius
1174 1842 1216 1875 de
1242 1841 1345 1875 Milit.
1372 1842 1470 1875 Rom.
1497 1842 1541 1885 V,
1571 1844 1603 1875 5.
1630 1842 1717 1874 hanc
1744 1842 1779 1873 in
1805 1854 1876 1874 rem
1911 1841 2032 1874 attulit.
2083 1842 2257 1875 Praeterea
2283 1843 2355 1875 vid.

492 1900 719 1944 Oudendorp.
746 1901 788 1932 ad
814 1901 910 1933 Caes.
935 1902 976 1934 B.
1003 1901 1045 1933 G.
1071 1901 1149 1941 VII,
1175 1901 1233 1934 46.
1261 1909 1294 1933 et
1325 1902 1466 1944 Rupert.
1493 1900 1535 1932 nd
1560 1899 1622 1933 Sil.
1651 1900 1724 1933 Ital.
1763 1901 1810 1940 X,
1838 1904 1921 1934 410.
1969 1900 2091 1933 invitis
2118 1909 2231 1933 tamen
2258 1902 2356 1934 codi-

491 1957 586 1992 cibus
612 1956 654 1991 ad
689 1969 795 1991 unum
830 1957 999 1999 omnibus,
1033 1956 1115 1991 licet
1150 1957 1289 1991 Tacitus
1317 1969 1453 2003 quoque
1480 1956 1605 1990 Annal.
1641 1957 1740 2000 XIV,
1768 1959 1825 1990 32.
1862 1956 2052 2002 scripserit:
2088 1970 2189 2003 neque
2211 1955 2357 2004 fossam

489 2024 550 2048 aut
573 2014 704 2048 vallum
728 2014 993 2061 praeduxerant,
1026 2015 1137 2061 Lipsii
1163 2016 1355 2048 coniectura
1387 2028 1449 2060 per
1475 2025 1510 2049 se
1536 2015 1675 2060 quidem
1711 2015 1893 2047 admodum
1921 2014 2104 2059 probabilis
2131 2028 2199 2048 non
2227 2016 2355 2050 admit-

489 2074 591 2109 tenda
624 2074 779 2118 videturz,
815 2074 1014 2121 praesertim
1048 2086 1154 2120 quum
1187 2074 1332 2108 verbum
1363 2072 1566 2120 praeducere
1597 2073 1688 2119 apud
1711 2072 1852 2107 Livium
1886 2085 2052 2118 nusquam
2085 2074 2284 2120 reperiatur.
2311 2096 2353 2102 —

489 2134 574 2170 ¹13.
607 2133 651 2167 Et
685 2147 731 2167 ex
760 2134 875 2181 parte]
911 2132 984 2177 „Et
1011 2122 1246 2168 omittendum·
1264 2141 1326 2167 est.
1341 2136 1364 2153 ‘·'
1406 2134 1505 2167 Hanc
1530 2132 1689 2167 voculam
1715 2133 1751 2166 in
1778 2132 1848 2167 sola
1877 2133 1930 2166 ed.
1958 2133 2053 2179 Μῦς.
2082 2134 2238 2168 omissam
2264 2135 2355 2168 Dra-

487 2191 719 2225 kenborchius
746 2193 899 2225 omnium
926 2192 1082 2225 codicum
1109 2193 1306 2225 auctoritate
1323 2200 1446 2225 tuetur.
1499 2191 1673 2225 contrario
1701 2191 1913 2225 librariorum
1940 2204 2051 2224 errore
2072 2191 2151 2224 Liv.
2179 2192 2354 2235 XXXIII,

490 2250 546 2284 14.
574 2251 633 2282 36.
659 2256 694 2282 et
719 2252 778 2282 39.
805 2249 1010 2282 vocabulum
1045 2252 1099 2282 στ’
1116 2262 1134 2281 a
1159 2249 1376 2295 praecedenti
1402 2258 1430 2281 et
1456 2250 1683 2294 interceptum
1710 2256 1772 2282 est.
1823 2249 1911 2282 Vide
1938 2249 2049 2289 etiam,
2086 2262 2171 2294 quae
2199 2250 2286 2283 infra
2313 2251 2353 2284 ad

487 2320 561 2353 cap.
590 2312 646 2349 15,
673 2310 706 2339 2.
733 2306 906 2339 adnotavi.
925 2327 975 2333 —
1017 2310 1072 2343 14.
1107 2306 1159 2340 vel
1182 2308 1305 2340 inermi
1336 2309 1454 2353 equite]
1482 2307 1550 2350 „ab
1577 2308 1691 2352 potius
1725 2306 1945 2352 legendum.“
1979 2307 2051 2340 Imo
2084 2306 2137 2341 vel
2163 2309 2206 2341 ab
2234 2311 2356 2343 inermi

486 2366 601 2412 equite,
627 2363 720 2411 quod
745 2363 1057 2407 Drakenborchius,
1083 2373 1268 2411 praeeunte
1295 2364 1481 2407 Crevierio,
1508 2366 1543 2397 in
1569 2365 1728 2398 orationis
1754 2372 1954 2397 contextum
1978 2365 2125 2399 admisit.
2161 2367 2267 2409 Quod
2288 2367 2353 2402 Li-

486 2424 562 2471 psio
587 2422 726 2469 placuit,
753 2430 871 2468 postea
894 2423 931 2456 in
955 2423 1045 2456 Lov.
1062 2426 1095 2458 3.
1113 2431 1147 2456 et
1171 2423 1249 2457 Ber.
1275 2431 1446 2469 repertum
1473 2431 1533 2457 est.
1584 2422 1759 2455 Praeterea
1778 2422 1813 2454 in
1831 2422 2108 2458 Drakenborchii
2134 2426 2352 2461 adnotatione

488 2530 539 2566 ¹1)
580 2529 709 2559 Ebertus
730 2529 762 2557 in
783 2528 841 2557 hoc
862 2529 985 2557 nomine
1006 2527 1205 2564 describendo
1227 2530 1347 2558 erravit.
1368 2529 1447 2556 Nam
1467 2528 1501 2558 in
1521 2527 1654 2557 chartula
1677 2526 1951 2569 Guelpberbytnno
1973 2529 2117 2560 editionis
2138 2530 2349 2570 Lugdunensis

525 2578 666 2620 eiemplo
681 2589 697 2607 ι
711 2577 884 2618 bibliopega
899 2576 1033 2617 praefixa
1049 2577 1122 2606 haee
1135 2577 1291 2616 leguntur:
1315 2578 1506 2615 „VJRTUS
1524 2577 1783 2608 NOBILWAT.
1818 2579 1898 2607 Tota
1914 2579 1983 2608 licet
2004 2586 2113 2609 vetere·
2136 2589 2275 2610 exornent
2293 2595 2347 2610 rn-

526 2630 589 2667 du'q3
610 2639 711 2657 caerae
730 2628 839 2655 Atria:
862 2626 1014 2655 Nobilitas
1035 2626 1101 2654 sola
1115 2633 1158 2655 ese
1178 2633 1239 2664 alq3
1262 2627 1346 2655 unica
1368 2627 1472 2657 virtus.
1502 2625 1650 2662 [luvenal.
1673 2626 1755 2664 Vin,
1773 2627 1821 2657 19.
1838 2626 1901 2668 sq]
1927 2628 2087 2659 ΤΕ.1οΣ.
2109 2629 2252 2659 Alhernn
2271 2633 2347 2669 Ρη.-

525 2680 641 2716 dai'ua,
665 2678 725 2710 S..
740 2676 928 2716 nnlmpellus.
949 2688 1024 2705 anno
1047 2673 1162 2706 1589.“
1185 2675 1377 2706 Vocabulum
1400 2683 1510 2714 autem,
1528 2688 1589 2717 quo
1611 2676 1762 2716 Pyndenii
1784 2677 1894 2708 Batavi
1914 2679 2011 2720 patria
2033 2677 2225 2719 significatur,
2247 2682 2287 2709 ita
2303 2688 2344 2710 eut

524 2727 698 2764 inductum,
720 2734 753 2756 ut
781 2728 865 2767 prior
883 2728 947 2755 eius
974 2725 1118 2766 particula
1149 2736 1272 2765 prorsus
1301 2727 1365 2754 erui
1385 2732 1526 2765 nequeat.
1560 2725 1680 2755 Cen-tius
1708 2734 1763 2763 est,
1786 2727 1904 2756 homini
1923 2729 2026 2766 ignoto
2047 2739 2109 2757 non
2128 2731 2288 2768 Pynnuenii,
2311 2736 2340 2757 ut

521 2775 635 2807 uberto
656 2776 757 2808 literas
779 2778 799 2806 d
819 2782 848 2807 et
869 2774 908 2815 ss
922 2774 1121 2806 confundenti
1145 2774 1316 2813 videbatur,
1340 2774 1394 2807 sed
1415 2776 1557 2816 Pyndenii
1577 2786 1690 2806 nomen
1713 2775 1817 2807 fuine.

1863 2817 1892 2856 2

2826 596 2835 604 ι
2824 528 2832 544 ·.-
2827 515 2831 518 .
2818 443 2833 503 'mv
2819 397 2822 401 ’
