2844 3376
420 453 441 485 6

387 562 391 566 -
419 553 521 593 atque
545 550 733 592 praeterea,
758 542 826 578 nisi
851 542 1050 578 coniectura
1072 541 1188 588 fallor,
1221 541 1264 577 ad
1290 553 1365 590 cap.
1391 541 1451 585 34,
1477 542 1513 578 5.
1547 549 1583 578 et
1607 553 1683 591 cap.
1710 543 1771 587 54,
1797 544 1832 578 3.
1856 540 1953 578 libris
1986 540 2143 578 veteribus
2167 543 2303 590 optimis

420 603 671 640 adnumeravit.
722 602 847 649 Neque
872 603 1003 639 Eberto
1028 598 1272 646 concesserim,
1296 601 1390 636 hunc
1415 600 1583 646 codicem,
1614 614 1686 649 quo
1718 602 1878 650 Lipsium
1911 615 1931 638 a
1965 602 2105 638 Cuiacio
2139 602 2303 638 donatum

421 675 495 698 esse
521 668 666 705 constat,
703 661 881 696 diversum
908 673 983 697 esse
1009 674 1028 695 a
1051 660 1245 695 Loveliano
1269 659 1393 706 primo,
1421 670 1466 692 ex
1497 670 1567 705 quo
1592 658 1898 697 Drakenborchius
1933 674 2009 709 cap.
2035 664 2093 705 33,
2120 662 2154 696 6,
2180 658 2303 694 dissa-

420 721 568 756 sionibus
592 731 657 767 pro
691 718 911 762 discessionis,
948 732 1024 766 cap.
1059 720 1119 760 60,
1146 720 1181 751 7.
1204 716 1414 763 principibus
1446 728 1509 763 pro
1533 717 1724 763 principiis,
1760 724 1795 752 et
1820 729 1896 765 cap.
1924 721 1983 763 62,
2010 721 2045 755 4.
2070 718 2217 755 hostiam
2242 730 2305 767 pro
2349 763 2355 766 .

420 781 570 816 hosiisam
602 777 757 825 protulit.
808 777 1047 824 Praeterquam
1083 776 1176 810 enim
1201 775 1296 821 quod
1327 786 1398 808 non
1427 773 1606 822 probabile
1633 781 1697 819 est,
1722 773 1828 809 alium
1858 775 1991 813 Cuiacii
2015 776 2172 813 codicem
2196 790 2217 812 a
2239 777 2309 813 Li«

423 840 500 886 psio
527 839 692 884 optimum
720 850 796 872 esse
822 835 1042 882 appellatum,
1067 842 1172 880 atque
1197 824 1403 880 permultae*
1424 833 1583 868 codicum
1615 832 1796 881 lectiones¹
1809 835 1846 868 in
1871 833 1926 869 his
1957 835 2235 872 adnotationibus
2265 835 2308 870 ad

424 909 500 945 cap.
520 895 579 940 34,
608 896 640 930 5.
668 903 703 930 et
728 907 803 942 cap.
832 893 889 935 54,
916 896 951 928 3.
978 891 1134 940 aliosque
1158 890 1256 927 locos
1282 891 1569 928 co'mmemoratae
1593 891 1631 926 in
1648 890 1740 931 Lov.
1769 895 1802 929 ί.
1828 892 2066 940 reperiuntur,·
2082 891 2309 929 Drakenbor-

425 957 524 990 chius
548 955 660 1001 primo
687 961 721 987 et
745 952 845 986 tertio
871 951 963 994 loco,
990 963 1098 996 quum
1122 950 1215 985 Lov.
1242 950 1276 984 4.
1303 949 1559 984 dissensionibus
1582 950 1717 992 offerat,
1743 958 1778 984 et
1802 950 1912 985 hostia
1935 952 1978 985 ab
2002 950 2116 986 Ιιοείίὰ·
2138 951 2202 986 vix
2221 962 2307 997 pos·

426 1014 468 1050 sit
494 1011 653 1055 discerni,
679 1008 811 1058 duplici
837 1021 954 1045 errore
977 1007 1096 1057 lapsus
1123 1020 1211 1053 esse,
1236 1007 1438 1055 Pyndenius
1463 1015 1577 1043 autem
1608 1004 1774 1051 secundo,
1809 1021 1915 1054 quum
1940 1007 2149 1045 vccabulum
2171 1008 2307 1056 praesi-

427 1072 490 1106 diis
516 1072 590 1105 eius
617 1069 727 1104 oculis
754 1070 1008 1111 obversaretur,
1041 1079 1223 1114 perperam
1251 1068 1442 1114 principiis,
1476 1065 1569 1112 quod
1592 1073 1712 1112 postea
1737 1066 1772 1098 in
1799 1065 1876 1100 cod.
1908 1066 1986 1101 Put.
2011 1067 2155 1114 aliisque
2179 1068 2308 1102 inven-

427 1141 499 1167 tum
526 1137 589 1174 est,
623 1134 687 1176 pro
720 1125 929 1175 principibus
960 1125 1117 1174 posuisse
1151 1125 1304 1161 videtur.
1354 1124 1491 1161 Deinde
1522 1123 1603 1160 huic
1636 1121 1747 1160 codici
1783 1121 1967 1159 Cuiaciano
2002 1124 2078 1161 sive
2101 1123 2309 1170 Loveliano,

428 1197 562 1236 praeter
587 1187 861 1222 recentissimum
886 1184 998 1227 illum,
1026 1185 1085 1230 qui
1108 1192 1188 1230 post
1220 1183 1331 1229 Lipsii
1356 1190 1514 1224 mortem,
1540 1182 1578 1216 id
1611 1181 1707 1227 quod
1729 1177 1880 1217 E‘bertus
1903 1194 2006 1229 supra
2030 1182 2158 1225 docuit,
2188 1183 2309 1230 Hagae

429 1249 600 1284 Comitum
627 1244 826 1279 divenditus
850 1251 887 1278 et
910 1250 1030 1289 postea
1054 1243 1096 1276 ab
1128 1242 1371 1289 Havercampo
1395 1241 1432 1277 in
1458 1240 1616 1276 auctione
1641 1238 1870 1277 bibliothecae
1885 1239 2085 1276 Markianae
2109 1239 2309 1287 redemptus

428 1304 727 1348 Havercampiani
762 1313 887 1334 nomen
922 1301 1065 1346 accepit,
1093 1299 1179 1333 alios
1205 1311 1345 1345 quoque
1378 1299 1573 1342 accessisse,
1599 1311 1645 1333 ex
1670 1310 1712 1333 eo
1737 1298 1954 1347 intelligitur,
1979 1299 2073 1346 quod
2097 1310 2170 1333 non
2194 1298 2309 1333 solum

428 1365 519 1407 alibi,
545 1362 744 1410 priusquam
771 1359 900 1394 codicis
927 1358 1103 1392 Cuiaciani
1132 1359 1232 1405 copia
1265 1359 1374 1400 fieret,
1407 1358 1483 1393 sive
1508 1357 1637 1393 codicis
1660 1358 1737 1393 sive
1763 1356 1922 1392 codicum
1953 1356 2121 1394 lectiones
2145 1370 2166 1391 a
2188 1357 2309 1412 Lipsio

428 1423 647 1469 proferuntur
660 1417 711 1465 ⁶),
737 1418 798 1452 sed
825 1418 926 1451 etiam
954 1417 996 1450 ad
1022 1429 1096 1464 cap.
1123 1420 1183 1459 27,
1210 1420 1244 1451 8.
1270 1415 1357 1451 liber
1380 1430 1464 1450 unus
1489 1430 1595 1449 manu
1628 1417 1772 1462 scripns
1806 1414 1838 1449 Ῑ.
1862 1414 1988 1462 Lipsii,
2023 1424 2058 1449 et
2082 1405 2126 1449 ad
2150 1428 2225 1461 cap.
2251 1418 2310 1459 33,

430 1485 464 1515 6.
492 1478 558 1511 cluo
585 1476 667 1510 libri
692 1489 797 1508 manu
823 1476 941 1521 scripti
968 1473 999 1508 I.
1028 1474 1140 1521 Lipsii
1166 1488 1184 1507 a
1214 1473 1398 1508 Cuiaciano
1425 1474 1565 1517 diversi,
1592 1482 1694 1520 atque
1720 1473 1764 1508 ad
1788 1486 1864 1520 cap.
1891 1472 1952 1517 41,
1978 1475 2013 1507 8.
2039 1472 2105 1507 duo
2130 1471 2212 1507 libri
2229 1485 2309 1506 ma-

431 1555 473 1573 nu
499 1536 618 1584 scripti
644 1547 722 1569 cum
749 1531 870 1577 altero,
898 1533 933 1568 id
959 1540 1010 1568 est
1035 1534 1145 1576 tertio,
1172 1533 1214 1568 ad
1240 1547 1314 1581 cap.
1341 1534 1401 1576 62,
1428 1531 1462 1567 4.
1488 1531 1555 1568 duo
1580 1529 1663 1568 libri
1686 1546 1792 1568 manu
1816 1533 1934 1580 scripti
1958 1545 2037 1567 cum
2061 1532 2159 1567 tertio
2174 1531 2311 1579 opiim0,

430 1598 464 1630 id
491 1603 543 1629 est
579 1593 780 1633 Cuiaciano‚
817 1600 851 1625 et
877 1593 919 1625 ad
946 1605 1021 1639 cap.
1047 1595 1110 1634 63,
1138 1595 1195 1627 15.
1222 1591 1303 1625 libri
1335 1599 1401 1623 ires
1433 1604 1539 1623 mama
1570 1592 1699 1638 scripti,
1732 1602 1819 1636 quos
1845 1597 1880 1624 et
1902 1591 1997 1637 ipsos
2027 1590 2209 1637 Lipsianos
2235 1596 2310 1625 esse

431 1653 646 1695 crediderim,
672 1651 710 1686 in
735 1649 790 1686 his
822 1648 936 1698 Lipsii
969 1651 1247 1686 adnotationibus
1279 1657 1601 1686 commemorantur.
1652 1648 1758 1694 Quid,
1785 1647 1879 1696 quod
1903 1661 2065 1684 numerus
2090 1660 2229 1695 quoque
2248 1660 2310 1683 co-

431 1715 547 1748 dicum
580 1711 829 1757 Lipsianorum
864 1710 947 1743 iniri
979 1722 1081 1756 posse
1108 1710 1258 1744 videtur.
1306 1709 1368 1742 Ex
1399 1720 1441 1743 eo
1473 1709 1577 1752 enim,
1610 1708 1705 1754 quod
1737 1708 1887 1754 primum
1919 1719 1994 1754 cap.
2019 1709 2080 1749 27,
2106 1708 2141 1740 8.
2176 1707 2214 1740 in
2238 1706 2308 1740 uno

431 1771 541 1819 Lipsii
567 1770 688 1805 codice
714 1780 734 1802 a
757 1767 850 1803 Lov.
880 1772 912 1802 1.
940 1776 974 1812 et
999 1769 1092 1803 Hav.
1118 1768 1256 1803 diverso
1279 1776 1427 1815 praeter,
1453 1767 1546 1813 quod
1571 1766 1715 1815 Sigonio
1749 1766 1892 1813 placuit,
1923 1777 1988 1813 pro
2009 1773 2148 1812 propter
2171 1764 2311 1814 legitur,

431 1829 659 1874 deinde'cap.
696 1830 755 1870 33,
785 1829 817 1859 6.
845 1837 907 1872 pro
943 1825 1085 1872 vulgato
1119 1824 1274 1867 dissonis,
1310 1825 1405 1872 quod
1429 1826 1466 1859 in
1491 1826 1584 1860 Hav.
1619 1825 1799 1871 reperitur,
1834 1823 1971 1858 duobus
1998 1822 2111 1869 Lipsii
2136 1822 2311 1859 codicibus

431 1888 658 1928 discensionis,
686 1884 870 1919 Cuiaciano
896 1891 1010 1917 autem
1035 1884 1110 1918 sive
1142 1883 1233 1917 Lov.
1262 1888 1295 1919 1.
1322 1882 1532 1918 discessionis
1557 1884 1729 1926 tribuitur,
1753 1890 1828 1917 tum
1860 1894 1935 1928 cap.
1970 1880 2031 1923 41,
2057 1883 2093 1914 8.
2118 1880 2187 1914 duo
2213 1881 2312 1916 codi-

433 1959 501 1989 ces,
528 1955 615 1991 quos
645 1942 738 1978 Lov.
773 1945 806 1978 1.
834 1948 868 1976 et
892 1940 986 1976 Hav.
1015 1953 1089 1977 esse
1124 1941 1293 1989 suspicor,
1325 1940 1508 1989 vulgatum
1539 1945 1736 1988 patremiffue
1768 1939 1931 1981 offerunt,
1966 1936 2065 1972 alteri
2098 1946 2212 1974 autem
2237 1939 2312 1976 sive

433 2005 546 2049 potius
581 2002 682 2035 tertio
714 2008 952 2045 parentemque
982 1999 1191 2046 adsigrfltur,
1217 1999 1344 2032 deinde
1377 2011 1453 2044 cap.
1480 2001 1540 2039 62,
1573 1999 1609 2032 4.
1635 2010 1697 2044 pro
1723 1998 1861 2031 hastam
1893 1997 1930 2029 iu
1955 1996 2092 2030 duobus
2126 1997 2312 2041 codicibus,

432 2073 578 2107 quorum
605 2058 751 2093 alterum
778 2057 871 2091 Hav.
900 2069 974 2091 esse
1000 2056 1156 2099 arbitror,
1182 2055 1331 2089 hostiam
1357 2055 1538 2103 reperitur,
1564 2056 1664 2090 tenio
1689 2056 1822 2102 optimo
1849 2062 1973 2097 autem,
1999 2053 2036 2088 id
2052 2061 2104 2089 est
2129 2053 2312 2090 Cuiaciano

433 2122 505 2153 sive
531 2119 622 2152 Lov.
660 2121 706 2159 1.‚
732 2115 877 2149 hostium
911 2115 1080 2156 tribuitur,
1117 2114 1267 2159 denique
1292 2126 1369 2160 cap.
1407 2116 1466 2157 63,
1494 2116 1553 2148 15.
1588 2122 1657 2148 tres
1692 2114 1837 2147 codices·
1860 2111 2022 2146 voculam
2053 2114 2138 2156 iam,
2164 2126 2251 2159 quae
2276 2115 2312 2148 in

433 2179 521 2212 Lov.
550 2180 583 2211 1.
611 2184 645 2210 et
669 2175 762 2209 Hav.
790 2174 983 2218 ceterisque
1010 2172 1192 2218 omittitur,
1219 2165 1289 2206 non
1315 2172 1441 2207 habere
1463 2172 1636 2214 dicuntur,
1672 2179 1776 2214 recte,
1803 2171 1936 2218 opinor,
1969 2169 2123 2217 colligas,
2155 2170 2312 2218 Lipsium

435 2234 537 2270 nimia
563 2233 629 2270 sibi
661 2233 698 2270 in
724 2231 830 2267 Livio
866 2232 957 2265 bona
991 2241 1067 2266 esse
1098 2230 1354 2278 praedicantem
1384 2237 1543 2277 quattuor
1568 2237 1660 2266 certe
1696 2228 1844 2271 codices,
1881 2226 2102 2263 Cuiacianum
2134 2227 2211 2265 dico
2237 2230 2312 2267 sive

434 2292 673 2334 Lovelianum,
698 2304 767 2337 quo
794 2292 830 2324 in
856 2290 969 2336 primo
994 2288 1091 2323 Livii
1117 2288 1206 2323 libro
1231 2289 1443 2324 recensendo
1470 2290 1520 2322 uti
1545 2301 1615 2323 non
1641 2296 1787 2335 poterat,
1813 2286 2147 2333 Havercampianum
2174 2296 2209 2323 et
2226 2289 2313 2324 duos

435 2351 518 2386 alios
544 2351 584 2385 ab
611 2358 757 2397 utroque
783 2349 953 2392 diversos,
987 2347 1100 2395 primo
1126 2355 1162 2383 et
1185 2347 1351 2383 vicesimo
1376 2345 1471 2382 Livii
1494 2345 1583 2381 libro
1610 2345 1825 2382 emendando
1851 2344 2058 2380 adhibuisse.
2109 2345 2224 2394 Atque
2250 2346 2316 2383 hos

435 2414 528 2456 ipsos
554 2410 689 2443 codices
721 2410 796 2442 sive
821 2409 1017 2449 universos,
1044 2408 1120 2442 sive
1154 2406 1310 2455 singulos
1335 2419 1398 2453 per
1423 2414 1521 2441 notas
1545 2414 1607 2440 vet.
1634 2405 1694 2440 lib.
1722 2417 1875 2439 manusc.
1903 2412 1938 2438 et
1970 2402 2031 2438 lib.
2059 2418 2212 2440 manusc.
2240 2407 2315 2441 sive

435 2467 496 2504 lib.
531 2466 763 2512 manuscripti,
794 2474 856 2500 ret.
883 2479 1036 2501 manusc.
1072 2473 1107 2501 et
1140 2474 1203 2501 vet.
1239 2463 1301 2500 lib.
1329 2465 1404 2501 sive
1436 2462 1497 2500 lib.
1530 2473 1593 2500 vei.
1631 2472 1733 2512 atque
1766 2460 1946 2499 vocabulis
1980 2469 2041 2497 vet.
2076 2462 2151 2498 sive
2184 2472 2314 2509 veteres,

435 2527 531 2574 quod
556 2527 592 2560 in
612 2525 885 2559 adnotationibus
910 2526 952 2560 ad
978 2539 1052 2572 cap.
1080 2528 1138 2569 33,
1166 2528 1199 2560 3.
1226 2525 1286 2559 ubi
1308 2533 1370 2559 vet.
1398 2538 1510 2559 omnes
1534 2523 1672 2571 legitur,
1696 2537 1772 2571 cap.
1799 2522 1859 2565 ⁴4,
1884 2524 1920 2557 7.
1947 2534 2021 2567 cap.
2048 2520 2108 2564 49,
2133 2525 2170 2557 7.
2189 2531 2224 2570 et
2238 2536 2315 2570 cap.

433 2625 468 2663 6)
511 2626 634 2655 Praeter
666 2622 750 2652 enim
769 2630 860 2662 quam
881 2621 966 2662 quod
985 2622 1109 2665 Lipsius
1129 2623 1212 2665 Epp.
1235 2620 1330 2654 cm.
1351 2623 1375 2652 1.
1396 2620 1530 2655 nii-uu.
1551 2631 1603 2662 ep.
1623 2619 1675 2653 6⁷.
1703 2620 1742 2650 sd
1763 2617 1925 2650 cui-cium
1951 2618 2086 2660 ses-ipsit,
2107 2619 2182 2648 duos
2200 2625 2318 2659 tresque

476 2676 561 2714 apud
576 2671 608 2703 ie
628 2683 695 2702 esse
714 2671 844 2709 codices,
872 2672 926 2699 sed
946 2673 1034 2708 quasi
1054 2674 1091 2702 ds
1103 2679 1253 2711 compacto
1273 2671 1496 2709 consentientes,
1518 2676 1674 2712 praeterea
1695 2671 1728 2700 in
1744 2671 1881 2711 quinque
1901 2667 2138 2709 Epistolicarum
2153 2666 2317 2709 Quaestio—

474 2733 552 2755 num
573 2722 662 2751 libris
684 2726 714 2750 et
735 2719 811 2749 alibi
832 2721 1011 2761 saepissime
1031 2719 1176 2751 lectiones
1196 2731 1236 2751 ex
1256 2719 1416 2750 codicibus
1436 2728 1530 2748 menn
1549 2719 1671 2760 scriptis
1690 2724 1828 2748 enotatas
1847 2715 1987 2758 protulit.
2027 2715 2120 2756 Vide,
2140 2727 2218 2759 quae
2238 2718 2317 2749 infre

474 2774 514 2804 sd
532 2783 602 2814 cap.
616 2770 668 2806 38,
686 2769 718 2802 6.
735 2776 766 2800 et
782 2770 813 2801 9.
829 2778 899 2809 esp.
914 2767 966 2807 45,
986 2770 1013 2801 1.
1023 2779 1091 2810 esp·
1099 2767 1210 2807 46‚10.
1224 2779 1293 2810 esp.
1310 2766 1404 2807 ⁵1,5.
1422 2777 1490 2809 cap.
1504 2767 1555 2806 52,
1571 2768 1621 2799 10.
1634 2777 1703 2808 esp.
1721 2765 1772 2805 ⁵4,
1783 2766 1815 2801 3.
1830 2773 1860 2797 et
1876 2776 1945 2808 esp.
1959 2765 2010 2805 62,
2026 2767 2076 2797 11.
2093 2765 2317 2801 adnotavimus.
