2844 3376
454 456 503 492 34

464 551 744 587 retinuerimus.“
794 550 913 586 Locus
935 549 1092 585 nondum
1117 559 1317 598 persanatus
1343 563 1418 586 esse
1450 550 1600 586 videtur.
1628 569 1675 577 —
1725 551 1744 570 '⁵
1759 549 1848 585 Ibid.
1874 547 2013 585 extendi
2037 563 2062 584 α
2085 545 2158 596 diae]
2182 559 2334 596 „ea-ten-

462 609 541 646 dere
565 624 642 645 eam
669 608 780 646 dies.“
831 610 873 645 In
898 611 1020 645 Eberti
1046 609 1225 656 exemplo,
1263 623 1367 656 quum
1400 610 1601 655 Pyndenius
1626 610 1772 645 verbum
1797 608 1975 645 esc-tendere
2006 610 2054 646 ita
2078 596 2254 657 scripserit
2259 634 2272 654 ‚
2298 617 2337 646 ut

453 669 575 703 ultima
600 670 675 703 eius
700 668 802 703 litera
834 670 878 703 ad
903 683 924 703 ο
949 669 1066 702 literae
1097 667 1355 702 similitudinem
1390 668 1549 712 proxime
1583 666 1741 711 accedat,
1773 681 1954 716 perperam
1989 667 2165 703 extendere
2196 667 2334 717 legitur.

452 728 577 773 Neque
610 737 727 763 tamen
753 742 773 763 a
797 729 889 764 Lov.
917 732 949 762 1.
974 726 1185 770 aliorumque
1219 725 1377 758 codicum
1411 726 1620 770 optimorum
1652 726 1820 771 scriptura
1850 727 1990 762 extendi
2013 742 2091 763 eam
2115 727 2201 771 dies,
2234 739 2336 774 quam

454 785 659 823 Gronovius
682 787 829 835 recepit,
864 782 1107 820 discedendum
1132 781 1289 826 videtur3
1322 782 1524 829 praesertim
1559 794 1667 829 quum
1691 782 1728 817 in
1753 783 1847 819 Hav.
1873 783 2017 832 aliisque
2042 784 2180 822 emendi
2203 799 2245 822 ea
2269 783 2337 821 dies

456 845 610 892 legatur,
637 848 760 880 omissa
784 842 911 877 lineola
936 854 999 887 pro
1025 841 1124 875 litera
1149 855 1185 875 m
1210 842 1296 887 poni
1328 841 1439 875 solita.
1488 843 1542 876 Eo
1568 843 1676 889 magis
1708 844 1831 885 miror,
1865 843 2024 889 Lipsium
2049 845 2188 879 extendi
2210 847 2247 879 in
2272 858 2337 880 ex·

456 903 589 938 tendere
613 911 768 938 mutasse.
785 920 833 926 —
882 900 970 934 Ibid.
996 899 1165 948 quivisset]
1193 900 1403 943 „scivissct.“
1453 899 1527 934 Imo
1545 901 1691 944 sivisset,
1718 900 1811 948 quod
1829 914 1847 935 a
1862 901 1983 950 Lipsio
2000 903 2197 940 coniectura
2218 915 2339 951 reper-

457 972 529 997 tum
563 962 761 1006 Pyndenius
787 961 977 995 miserrime
1002 961 1169 1006 corrupit.
1227 960 1532 994 Drakenborchius
1558 951 1673 994 enim:
1717 961 1837 1004 „Nihil
1872 964 2015 1010 propius
2052 964 2177 1006 video,
2213 963 2340 1008 inquit,

454 1031 555 1065 quam
580 1026 619 1053 ut
644 1031 722 1053 cum
755 1018 936 1054 Gronovio
967 1017 1121 1066 legamus
1141 1018 1171 1051 si
1195 1016 1333 1051 extendi
1357 1030 1433 1051 eam
1458 1016 1528 1051 dies
1552 1018 1589 1052 in
1614 1016 1754 1064 longum
1788 1020 1937 1065 spatium
1960 1021 2096 1065 sivisset,
2128 1019 2188 1056 vel
2211 1020 2340 1054 sisser.“

455 1079 533 1112 Hoc
558 1078 692 1113 restitui
715 1078 797 1112 Liv.
823 1079 938 1121 XLV,
965 1076 1025 1111 44.
1051 1078 1111 1110 ubi
1135 1089 1198 1124 pro
1225 1090 1365 1110 munera
1396 1076 1461 1110 sibi
1485 1078 1593 1123 ipsum
1619 1079 1754 1120 emisse,
1782 1090 1889 1123 quum
1913 1079 1951 1112 in
1976 1080 2054 1114 cod.
2079 1080 2233 1114 vindob.
2258 1092 2337 1112 mu-

456 1150 539 1170 nera
563 1136 628 1170 sibi
652 1137 719 1183 ipsi
743 1138 854 1170 emin&
878 1138 908 1170 si
933 1149 1000 1170 esse
1025 1144 1158 1170 exstare
1194 1136 1406 1178 didicissem,
1441 1143 1532 1169 certa
1566 1135 1805 1170 emendatione
1832 1136 1972 1183 scripsi:
2008 1151 2152 1172 munera
2183 1136 2249 1172 sihi
2273 1138 2339 1184 ipsi

456 1196 524 1228 emi
548 1208 617 1229 non
641 1196 738 1238 sisse,
765 1195 859 1241 quod
884 1194 1289 1243 Baumgarten-Crusius
1316 1202 1452 1240 aperte,
1478 1193 1656 1229 Bekkerus
1681 1194 1784 1228 tacite
1809 1195 1983 1242 probavit.
2179 1189 2185 1192 .

556 1253 639 1300 Cap.
665 1254 746 1297 LX,
772 1255 792 1273 *⁸
815 1257 849 1288 3.
876 1254 1074 1301 Lacetanis]
1109 1254 1191 1297 „vel
1218 1253 1441 1288 liaceianis.“
1489 1253 1620 1287 Pariter
1643 1253 1731 1287 infra
1757 1267 1830 1301 cap.
1852 1257 1909 1298 61,
1938 1258 1971 1289 8.
1988 1255 2121 1289 nomini
2147 1252 2341 1288 Lacetanos

455 1313 685 1359 adscriptum:
712 1312 797 1355 „vel
823 1311 1054 1347 Iiacctanosf‘
1103 1314 1144 1347 In
1170 1314 1289 1347 Eberti
1315 1312 1497 1359 exemplo,
1523 1325 1630 1358 quum
1655 1312 1855 1358 Pyndenius
1880 1313 2013 1347 literam
2043 1313 2066 1347 Ι
2084 1314 2131 1347 ita
2157 1312 2340 1355 effinxerit,

455 1378 494 1403 ut
519 1370 562 1403 ad
577 1371 613 1414 s
628 1370 747 1404 literae
774 1371 1033 1405 similitudinem
1058 1373 1217 1418 proxime
1244 1371 1401 1413 accedat,
1428 1371 1485 1403 hic
1511 1370 1687 1403 Siacetani
1708 1378 1742 1403 et
1757 1371 1843 1403 infra
1867 1370 2066 1405 Siaceianos
2091 1371 2228 1418 legitur,
2254 1381 2341 1415 quos

455 1440 527 1463 non
560 1427 672 1463 solum
706 1429 742 1463 in
777 1429 965 1477 Hispania,
1000 1430 1062 1466 sed
1096 1431 1198 1465 etiam
1230 1430 1267 1463 in
1290 1429 1413 1464 ceteris
1439 1429 1572 1475 antiqui
1598 1429 1690 1464 orbis
1721 1429 1874 1476 partibus
1906 1429 2030 1465 frustra
2065 1442 2217 1477 quaeras.
2267 1430 2339 1464 Re-

458 1489 545 1521 ctius
570 1495 703 1530 tamen,
737 1489 767 1521 si
792 1490 876 1533 quid
902 1490 1123 1532 mutandum,
1149 1490 1205 1522 hic
1234 1488 1424 1522 Iaccetanis
1451 1497 1484 1522 et
1509 1490 1595 1523 infra
1622 1489 1822 1523 Iacceranos
1846 1490 2060 1523 scriberetur.
2109 1489 2192 1523 Vid.
2219 1489 2341 1524 Ukerti

459 1542 658 1592 Geogiaph.
690 1544 813 1580 Graec.
842 1554 876 1580 et
900 1547 1001 1582 Rom.
1036 1547 1140 1581 Tom.
1166 1546 1209 1580 ΙΙ.
1235 1545 1325 1580 Part.
1351 1546 1377 1579 Ι.
1405 1559 1439 1592 p.
1467 1549 1550 1582 316.
1578 1561 1629 1593 sq.
1657 1547 1740 1582 421.
1767 1535 1809 1582 ef
1835 1546 1918 1582 425.
1947 1566 1995 1574 —·
2045 1548 2079 1582 5.
2105 1545 2239 1582 Hanno
2272 1560 2337 1581 non

457 1604 582 1636 inscius
607 1602 699 1648 erat]
726 1602 924 1646 „Hannoni
950 1605 997 1637 cis
1024 1603 1159 1638 Iberum
1184 1604 1362 1651 provincia
1388 1606 1498 1638 crat.“
1547 1606 1625 1640 Hoc
1651 1605 1722 1649 illi,
1757 1605 1850 1651 quod
1876 1605 2024 1640 editores
2058 1605 2258 1653 Moguntini
2281 1605 2338 1639 in-

457 1662 648 1706 duxerant,
683 1662 851 1698 Gruterus
878 1676 922 1698 ex
954 1663 1027 1698 Pal.
1063 1669 1097 1699 2.
1126 1664 1311 1699 substituit.
1355 1663 1445 1698 Lov.
1474 1669 1506 1700 1.
1541 1662 1674 1699 Hanno
1707 1679 1773 1699 non
1807 1666 1930 1699 inscius
1962 1664 2131 1698 Hiberum
2163 1665 2340 1711 provincia

459 1728 546 1761 erar,
572 1721 666 1754 Hav.
693 1719 827 1754 Hanno
854 1733 921 1754 non
946 1722 1070 1754 inscius
1095 1721 1239 1755 inhiberi
1261 1723 1438 1768 provincia
1462 1730 1546 1756 erat.
1597 1721 1667 1755 Alii
1693 1722 1756 1754 alia
1788 1729 1938 1755 monstra
1971 1733 2198 1768 progenuere.
2247 1720 2339 1755 Gro-

463 1779 592 1812 novius
618 1778 768 1821 tandem,
796 1792 901 1824 quum
919 1780 953 1813 in
975 1780 1052 1813 cod.
1078 1780 1155 1814 Pur.
1182 1779 1368 1813 Hannonis
1394 1780 1593 1825 reperisset,
1618 1780 1671 1813 ed.
1697 1780 1794 1825 Mog.
1812 1779 1961 1813 lectione
1988 1780 2155 1822 damnata,
2181 1778 2338 1814 Hanno-

459 1837 511 1867 nis
537 1836 584 1867 cis
610 1835 744 1867 Iberum
775 1837 954 1881 provincia
979 1844 1071 1878 erat,
1107 1837 1201 1882 quod
1226 1838 1293 1870 iam
1328 1837 1519 1871 Sabellicus
1545 1838 1581 1870 in
1609 1845 1768 1884 corrupta
1803 1837 1993 1872 editionum
2028 1839 2338 1884 antiquissimarum

455 1892 623 1928 lectione:
657 1892 790 1926 Hanno
816 1895 961 1928 noniscis
987 1893 1122 1928 Iberum
1148 1897 1183 1929 in
1206 1897 1420 1942 provinciam
1447 1905 1539 1938 crat,
1564 1896 1624 1930 vel
1644 1897 1680 1931 in
1703 1898 1881 1943 provincia
1906 1906 1999 1940 erat,
2025 1896 2130 1931 latere
2151 1897 2339 1932 intellexe-

456 1959 526 1994 rat,
556 1963 600 1985 ex
626 1951 837 1986 editionibus
863 1952 1025 1986 Sabellici
1052 1953 1325 1988 emendationem
1353 1955 1479 1989 secutis
1503 1955 1577 1987 iure
1602 1955 1793 1998 meritoque
1818 1955 2009 1989 revocavit.
2025 1974 2074 1980 ——
2123 1957 2158 1988 7.
2175 1968 2250 1990 cum
2268 1954 2339 1989 ali-

454 2019 534 2057 quot
557 2010 754 2057 praesidiis]
782 2010 866 2053 „lib.
894 2012 1045 2057 optimus
1072 2010 1275 2047 Cuiacianus
1299 2014 1516 2058 principiis.“
1557 2012 1604 2045 At
1620 2011 1923 2046 Drakenborchius
1940 2025 1984 2045 ex
2003 2013 2124 2046 eodem
2150 2014 2224 2048 sive
2249 2014 2337 2049 Lov.

442 2074 491 2113 j.
519 2071 675 2104 enotavit
699 2068 926 2116 principibus,
954 2070 1049 2115 quod
1075 2069 1274 2104 Gronovius
1299 2070 1458 2103 restituit.
1508 2068 1706 2103 Putaverim
1731 2070 1853 2117 igitur,
1878 2069 2094 2116 Pyndenium
2119 2072 2176 2107 hic
2201 2085 2337 2120 quoque

457 2141 607 2169 errasse,
644 2136 697 2168 et,
732 2141 838 2173 quum
865 2127 1047 2174 praesidiis
1074 2130 1147 2162 eius
1174 2127 1284 2162 oculis
1319 2130 1577 2171 obversaretur,
1610 2141 1790 2174 perperam
1815 2130 1991 2176 scripsisse
2022 2132 2217 2178 principiis,
2246 2125 2352 2178 quod*

456 2187 491 2219 in
517 2186 594 2220 Put.
621 2195 654 2219 et
680 2186 774 2219 Flor.
793 2199 810 2219 a
826 2187 936 2231 prima
963 2198 1068 2219 manu
1093 2194 1195 2231 atque
1221 2187 1257 2218 in
1274 2188 1362 2219 Exc.
1386 2185 1522 2218 Pithoei
1547 2187 1726 2231 reperitur.
1744 2206 1791 2213 —
1832 2187 1919 2221 Ibid.
1944 2187 2102 2234 Stissum]
2128 2189 2337 2232 „Scissumf‘

457 2243 547 2278 lllud
580 2245 727 2279 editores
753 2244 963 2291 *Moguntini
996 2244 1184 2286 dederunt,
1219 2243 1285 2278 hoc
1318 2244 1353 2277 in
1389 2243 1460 2277 Pal.
1497 2246 1531 2278 2.
1559 2251 1600 2284 et,
1625 2243 1723 2278 Harl.
1755 2252 1857 2291 atque
1891 2246 2096 2282 editionibus
2130 2247 2336 2296 Moguntina

458 2304 705 2347 antiquioribus
731 2303 869 2349 legitur.
920 2303 1012 2337 Lov.
1042 2308 1073 2339 1.
1101 2302 1238 2345 Scissis,
1266 2303 1360 2348 quod
1385 2302 1585 2336 Gronovius
1607 2302 1762 2336 codicum
1788 2304 2013 2349 plurimorum
2037 2318 2223 2352 eorumque
2242 2309 2335 2353 opti-

460 2372 588 2394 morum
615 2362 813 2395 auctoritate
840 2362 991 2408 recepit,
1019 2362 1112 2396 Hav.
1131 2368 1244 2395 autem
1270 2360 1395 2395 Scis-cis
1421 2361 1535 2395 offert.
1564 2359 1645 2394 Vid.
1672 2360 1795 2396 Ukerti
1819 2362 2015 2411 Geograph.
2042 2363 2163 2401 Graec.
2184 2373 2217 2400 et
2233 2366 2333 2400 Rom.

465 2418 565 2452 Tom.
591 2419 633 2453 II.
660 2419 738 2453 Part
763 2420 790 2454 I.
818 2434 853 2467 p.
880 2419 964 2454 425.

561 2475 643 2522 Cap.
667 2477 763 2521 LXI,
788 2480 822 2514 4.
848 2477 1041 2525 paululum]
1070 2479 1119 2521 „L
1146 2479 1298 2525 Lypsius
1322 2476 1447 2524 palam
1475 2477 1670 2512 emendat.“
1720 2478 1814 2514 Idem
1835 2480 1902 2514 iam
1926 2481 2036 2528 Epist.
2065 2482 2252 2526 Quaest.1,
2276 2487 2332 2519 12.

460 2534 582 2577 „Quid
609 2542 659 2567 est
683 2534 765 2577 hoc,
798 2537 924 2582 inquit,
958 2537 1138 2583 paululum
1173 2533 1493 2570 animadvertisset?
1526 2537 1606 2570 Non
1638 2538 1686 2571 sic
1720 2538 1854 2572 Latini:
1890 2539 2034 2573 dixisset
2065 2542 2180 2586 potius
2207 2540 2332 2582 leviter,

458 2592 607 2636 modice,
642 2591 828 2629 clementer.
878 2595 971 2639 Quid
982 2610 1002 2640 ,·
1028 2597 1120 2643 quod
1147 2605 1182 2631 et
1213 2596 1356 2631 historia
1381 2593 1579 2642 repugnat?
1612 2597 1698 2631 Nam
1725 2597 1889 2643 Polybius
1922 2599 2066 2633 eandem
2092 2613 2164 2633 rem
2192 2608 2333 2647 tangens

456 2653 518 2687 lib.
546 2652 609 2686 III.
638 2651 731 2697 [cap.
759 2654 835 2697 76.]
863 2663 1014 2689 auctores
1040 2657 1137 2702 fugae
1165 2664 1199 2689 et
1224 2663 1383 2701 acceptae
1417 2654 1523 2688 cladis
1549 2667 1642 2688 more
1668 2657 1776 2701 patrio
1803 2658 1849 2690 ait
1873 2659 2033 2702 punitos,
2070 2656 2159 2699 τοὺς
2187 2655 2333 2703 αἷτίους

455 2710 531 2746 τῶν
557 2705 871 2757 συμβεβηκότων,
905 2711 1034 2757 inquit,
1067 2710 1164 2748 κατὰ
1191 2711 1281 2756 τοὺς
1307 2707 1399 2760 παρ’
1428 2707 1560 2755 αὐτοῖς
1585 2709 1773 2758 ἐθισμοὺς
1804 2710 1985 2757 κολάσας.
2035 2715 2108 2750 Nec
2134 2715 2270 2763 ignotus
2296 2718 2332 2753 in

458 2769 580 2804 talibus
613 2769 749 2804 delictis
790 2769 931 2803 militiae
974 2783 1059 2805 mos.
1111 2772 1311 2808 Planissime
1352 2772 1456 2818 igitur
1495 2772 1714 2806 scribendum
1753 2772 1876 2818 palam
1913 2773 2235 2810 animadvertisset.“
2285 2778 2333 2812 At

2842 2804 2844 2810 .
2831 2735 2844 2770 ’,Α
2830 2630 2844 2683 -
2831 2509 2844 2617 ‘'H·
