2844 3376
434 479 482 513 ¹0

432 587 497 624 pro
525 573 666 611 Crevier.
692 581 758 608 tres
783 572 894 609 scribe
923 571 1067 610 Crevier.
1092 587 1186 609 unus.
1205 593 1251 601 —
1281 574 1300 591 '⁵
1318 578 1374 610 16.
1400 574 1583 622 ingressus]
1609 575 1679 620 ‚,D.
1703 575 1731 610 1.
1756 574 1906 623 Lypsius
1933 574 2091 611 emendat
2104 578 2321 623 ugrumst‘

432 634 586 679 Lipsius,
612 644 720 677 quum
745 644 836 666 unus
861 632 957 666 Hav.
983 645 1062 666 cum
1089 632 1294 665 editionibus
1318 632 1462 677 Sigonio
1485 633 1736 677 antiquioribus
1761 633 1850 667 illud
1877 634 2016 677 offerat,
2040 634 2108 668 hoc
2132 634 2225 668 haud
2252 634 2321 668 du·

433 690 489 725 bio
514 701 561 724 ex
587 689 667 725 eod.
694 688 815 724 cuiae.
841 689 918 724 sive
943 688 1033 724 Lov.
1063 694 1096 726 1.
1122 687 1359 736 reponendum
1385 698 1461 721 esse
1487 689 1633 723 censuit.

532 749 619 796 Cap.
641 749 709 793 VI,
735 752 772 784 2.
799 761 882 796 quos
907 761 982 783 eum
1008 747 1147 794 adisset]
1174 747 1316 794 „quibus
1340 760 1415 781 cum
1441 745 1581 790 adea-it,
1606 746 1668 781 lib.
1693 749 1854 783 manmf‘
1885 748 1981 786 lav.
2009 754 2042 787 ι.
2068 757 2104 785 ot
2125 750 2218 786 Hav.
2246 751 2323 798 qui-

432 806 494 843 bus
519 821 623 856 quum
649 807 787 843 adisset.
836 806 975 854 Lipsius
999 806 1114 853 igitur,
1140 805 1207 841 nisi
1231 804 1319 841 sorte
1343 806 1381 840 in
1406 805 1498 841 Lov.
1526 808 1560 840 1.
1588 804 1717 840 adesset
1741 806 1948 853 reperiatur,
1980 818 2102 843 verm
2126 808 2231 844 huius
2255 807 2326 844 loci

433 866 639 913 oeripturam
664 867 701 900 in
726 866 838 901 veteri
861 865 993 910 sigonii
1017 863 1106 897 libro
1132 863 1278 909 aliisque
1303 864 1484 898 inventam
1511 876 1556 897 ex
1581 863 1648 898 alio
1670 863 1789 899 codice
1815 863 1973 911 protulit.
1987 883 2039 893 —
2082 868 2117 900 8.
2148 866 2189 910 Ο.
2216 866 2323 901 Beba—

432 924 488 970 us]
516 924 728 972 „legendum
758 922 803 967 Q.
829 921 998 956 Fabius.“
1049 921 1107 956 Sic
1132 922 1225 956 Lov.
1256 928 1288 959 1.
1316 931 1350 957 et
1377 923 1471 958 Hav.
1488 922 1629 969 aliique.
1656 917 1962 959 Drakenborehjm
1986 932 2102 959 tamen
2128 933 2221 960 recte
2236 938 2323 960 een-

432 983 513 1024 suit,
539 982 696 1015 librarios
722 980 855 1015 nomini
879 980 995 1014 minus
1020 989 1105 1014 noto
1132 980 1292 1022 Baebius,
1327 993 1391 1026 pro
1418 992 1485 1025 quo
1511 981 1548 1013 in
1575 982 1630 1014 ed.
1665 982 1780 1028 Lugd.
1813 995 1995 1029 perperam
2027 982 2152 1017 Bdn‘ue
2185 982 2323 1030 legitur,

432 1040 497 1074 sibi
531 1040 747 1074 notissimum
791 1037 919 1072 Fabius
953 1039 1249 1085 supposuisse.-—
1292 1039 1380 1074 Ibid.
1416 1037 1644 1084 absisteretur]
1683 1038 1766 1081 „alii
1799 1039 2058 1075 abstineretur-,⁴⁴
2089 1040 2169 1076 Hoc
2201 1048 2322 1089 postea

431 1098 584 1131 IIearuio
611 1111 713 1139 unus,
742 1097 1028 1130 Drakenborchio
1055 1105 1215 1141 quattuor
1240 1098 1375 1131 codices
1402 1096 1610 1130 obtulerunt.
1661 1095 1814 1129 Praestat
1837 1097 2036 1143 vulgatum.

531 1156 615 1202 Cap.
641 1155 721 1199 Vll,
748 1155 811 1189 ¹⁶2.
837 1153 1034 1203 Zacyntho]
1061 1154 1283 1202 „Stephanus
1308 1154 1501 1188 Zasunto.“
1528 1153 1633 1197 Quod
1658 1153 1744 1200 quid
1769 1154 1834 1188 sibi
1859 1153 1959 1196 velit,
1978 1167 2034 1189 me
2058 1156 2218 1203 ignorare
2232 1155 2320 1191 fat·-

433 1226 483 1248 or.
533 1214 731 1260 Stephanus
776 1214 869 1247 enim
909 1214 1121 1258 Byzantinus
1156 1214 1281 1259 pariter
1316 1221 1419 1258 atque
1455 1212 1513 1245 alii
1548 1212 1732 1258 scriptores
1764 1211 1887 1247 Graeci
1918 1213 2007 1247 hane
2047 1213 2196 1247 insulan
2227 1222 2322 1249 recte

432 1269 636 1309 Ζάκυνθον
661 1270 861 1319 appellavit.
911 1272 1067 1306 Forsitan
1091 1271 1176 1307 haec
1201 1271 1312 1318 Lipsii
1343 1270 1527 1314 adnotatio,
1554 1282 1573 1304 a
1589 1269 1771 1316 Pyndenio
1796 1269 1888 1305 haud
1907 1270 2010 1305 dubie
2036 1278 2208 1317 corrupta,
2233 1283 2317 1319 per-

429 1332 516 1363 tinet
539 1330 582 1362 ad
604 1330 812 1375 praecedens
836 1328 1038 1373 Saguntum,
1065 1329 1159 1374 quod
1177 1330 1217 1362 ab
1244 1329 1365 1363 eodem
1391 1329 1568 1375 Stephano
1590 1324 1792 1371 Ζάκανθα,
1818 1324 2022 1371 Ζάκυνθος
2047 1336 2082 1363 et
2105 1326 2321 1375 Σάγουντος

428 1395 582 1423 vocatur.
614 1387 697 1422 Vid.
717 1387 841 1423 Ukerti
865 1386 1062 1435 Geograph.
1088 1387 1210 1422 Graec.
1240 1395 1274 1422 et
1297 1388 1398 1423 Rom.
1425 1388 1529 1423 Tom.
1560 1386 1604 1421 11.
1628 1386 1719 1421 Part.
1736 1385 1766 1420 I.
1793 1399 1829 1433 p.
1845 1387 1989 1423 414.-
2016 1386 2078 1422 ¹⁵3.
2096 1400 2152 1422 seu
2177 1387 2318 1422 mariti-

428 1448 511 1492 mis]
528 1447 615 1488 „ista
632 1446 701 1479 duo
726 1447 834 1480 verba
858 1444 1005 1484 delenda
1029 1448 1147 1480 sunt.“
1173 1447 1252 1489 Quo
1269 1446 1341 1478 iure
1360 1446 1396 1478 id
1411 1447 1478 1487 flat,
1503 1452 1668 1491 exputare
1694 1457 1765 1478 non
1782 1456 1935 1490 possum.
1970 1445 2184 1492 Saguntinos
2211 1445 2316 1487 enin,

431 1511 578 1551 quorum
594 1505 675 1539 urbs
699 1503 793 1538 haud
817 1502 940 1550 procul
962 1516 981 1537 a
1005 1503 1091 1537 mari
1107 1504 1171 1538 sita
1197 1513 1297 1546 esset,
1323 1505 1500 1538 maritimis
1527 1515 1665 1551 quoque
1689 1501 1855 1537 fructibus
1881 1502 2043 1546 crevisse,
2068 1513 2171 1537 nemo
2196 1502 2319 1538 infitias

431 1563 507 1598 ibit.
537 1580 583 1589 —-
616 1564 652 1596 7.
678 1560 822 1606 laboris]
850 1561 934 1604 ‚,lib.
962 1574 1114 1595 manusc.
1140 1563 1309 1596 timoris.“
1352 1562 1410 1596 Sic
1432 1563 1526 1597 Hav.
1553 1574 1631 1596 cum
1657 1559 1731 1595 aliis
1756 1560 1946 1606 permultis.
1997 1560 2187 1607 Vulgntum
2205 1568 2319 1595 tamen

431 1620 737 1657 Drakenborchius
762 1628 855 1654 recte
882 1619 1046 1653 defendit.

532 1678 618 1726 Cap.
643 1678 740 1722 VIII,
766 1682 804 1713 2.
832 1678 999 1723 obortum]
1026 1676 1265 1721 ‚,cohortum.“
1290 1678 1331 1712 Id
1357 1687 1408 1713 est
1434 1687 1596 1723 coortum,
1630 1677 1724 1725 quod
1748 1678 1783 1712 in
1809 1676 1901 1711 Flor.
1928 1675 2019 1711 Gud.
2046 1683 2081 1710 et
2106 1674 2205 1711 Cant.
2226 1674 2318 1723 legi—

432 1747 498 1773 tur.
541 1738 624 1773 Liv-
650 1738 826 1781 XXXIII,
853 1742 913 1773 21.
940 1739 1056 1782 ingens
1080 1738 1117 1769 in
1149 1736 1327 1783 Hispania
1361 1737 1519 1771 ulteriore
1552 1746 1702 1771 coortum
1735 1746 1783 1769 est
1809 1734 1946 1776 bellum,
1972 1735 2032 1769 ubi
2055 1735 2093 1768 in
2126 1734 2204 1768 edd.
2235 1733 2318 1768 Ald-

431 1804 467 1831 et
491 1797 596 1832 Frob.
625 1800 658 1833 1.
683 1799 719 1832 2.
747 1795 922 1831 cohor-tum
947 1804 993 1830 est
1018 1796 1198 1842 reperitur.
1239 1795 1330 1830 LOV.
1360 1800 1391 1831 1.
1419 1803 1453 1828 et
1477 1795 1570 1830 Hav.
1596 1793 1777 1842 vulgatum
1802 1800 1956 1828 servant.
2006 1791 2200 1839 Utrumque
2225 1799 2318 1827 recte

430 1855 565 1889 dicitur.
581 1875 632 1882 -
671 1856 706 1890 4.
734 1854 938 1888 multimoda
965 1854 1055 1899 arte]
1080 1853 1166 1895 ,‚lib.
1194 1865 1343 1887 manusc.
1370 1853 1621 1901 ηιιιῖίζ)(“ιιι·ιίι.α
1670 1854 1791 1887 Scribe
1817 1851 2022 1899 multifaric?
2045 1852 2121 1886 sive
2150 1850 2317 1898 multifa-

429 1915 532 1955 riam,
549 1912 643 1959 quod
666 1912 969 1947 Drakenborchius
994 1911 1136 1945 lectioni
1161 1909 1365 1946 multimoda
1385 1920 1470 1954 arte,
1493 1923 1595 1957 quam
1617 1910 1707 1945 Lov.
1727 1915 1760 1944 1.
1785 1918 1818 1944 et
1844 1911 1938 1944 Hav.
1964 1921 2043 1943 cum
2062 1907 2137 1943 aliis
2155 1908 2318 1952 offerunt,

430 1984 476 2006 ex
499 1971 594 2006 Flor.
619 1971 710 2005 Gud.
737 1971 836 2006 Cant.
862 1979 897 2005 et
911 1982 981 2004 uno
1007 1970 1110 2004 Crev.
1137 1978 1229 2003 recte
1255 1971 1441 2004 substituit.
1492 1971 1605 2002 Etiam
1629 1969 1712 2002 Liv.
1745 1968 1919 2009 xxxm,
1951 1969 2007 2002 18.
2031 1967 2069 1999 in
2096 1966 2172 2001 cod.
2198 1967 2318 2001 Bamb-

433 2037 534 2075 atque
568 2028 649 2062 edd.
682 2028 782 2074 Mog.
824 2036 859 2061 et
888 2028 966 2061 Ald.
998 2025 1202 2073 multifaria
1234 2026 1372 2073 legitur,
1407 2027 1533 2060 omissa
1566 2025 1694 2059 lineola
1725 2036 1789 2071 pro
1831 2024 1929 2058 litera
1961 2037 1998 2057 m
2029 2024 2115 2069 poni
2145 2023 2317 2058 solita.—

431 2094 464 2125 5.
483 2095 667 2136 quassatae
684 2085 829 2134 quoque]
857 2084 941 2129 ‚,lib.
967 2096 1122 2117 manusc.
1148 2086 1426 2131 quassataeque.“
1458 2084 1517 2117 Sic
1538 2084 1632 2118 Hav.
1649 2096 1728 2117 cum
1744 2082 1819 2117 aliis
1845 2081 2091 2129 compluribus,
2115 2093 2202 2128 quos
2226 2082 2319 2116 Dra·

428 2146 660 2181 kenborchius
693 2153 833 2179 secutus
867 2152 919 2178 est
953 2150 1095 2176 auctore
1129 2142 1320 2184 Gronovio,
1358 2143 1418 2187 qui
1450 2142 1606 2177 similiter
1636 2142 1723 2176 infra
1758 2155 1831 2187 cap.
1868 2146 1925 2177 56.
1960 2139 2097 2175 additus
2130 2154 2257 2187 quoque
2281 2142 2317 2176 in

429 2204 637 2252 additusque,
664 2202 759 2250 quod
784 2200 965 2237 Bekkerus
991 2200 1133 2247 recepit,
1167 2199 1367 2234 mutandum
1404 2212 1490 2243 esse,
1516 2200 1695 2235 verissime
1728 2199 1953 2234 coniecit.--
1998 2197 2090 2233 *12.
2117 2199 2317 2246 mitteretur]

429 2264 514 2307 ‚,lib.
541 2277 693 2297 manusc.
721 2262 808 2309 legit
841 2260 1102 2293 dimitteretur-.“
1137 2260 1215 2292 Hoc
1241 2259 1322 2293 ferri
1347 2260 1478 2304 nequit.
1520 2259 1611 2293 Lov.
1640 2263 1673 2293 1.
1702 2267 1737 2293 et
1766 2259 1860 2292 Hav.
1889 2270 1967 2291 cum
1992 2257 2113 2292 ceteris
2138 2257 2317 2293 codicibus

429 2321 608 2370 vulgatum
633 2329 727 2356 recte
753 2327 906 2355 tuentur.
958 2315 1081 2352 Paullo
1107 2325 1198 2352 ant&
1211 2317 1402 2361 Bekkerus‚
1429 2317 1523 2365 quod
1548 2317 1691 2360 mireris,
1719 2330 1797 2352 curn
1824 2315 1897 2351 aliis
1922 2315 2018 2351 Livii
2044 2314 2232 2351 editoribus
2257 2328 2316 2351 re·

430 2382 532 2414 tinuit
555 2379 734 2414 insolitum
759 2378 849 2412 illud
874 2376 1111 2423 liniebantque‚
1139 2377 1233 2422 quod
1258 2377 1449 2419 Ernesfius,
1489 2377 1549 2421 qui
1569 2376 1655 2410 mihi
1681 2387 1819 2422 quoque
1835 2374 1918 2409 olim
1942 2374 2120 2420 imposuit,
2147 2386 2211 2420 pro
2230 2373 2314 2408 vul-

432 2439 504 2487 gari
528 2436 739 2485 linebantque
763 2438 874 2473 invito
900 2434 1187 2471 Drakenborehio
1213 2435 1405 2471 invexerat.
1457 2434 1557 2470 Talia
1574 2434 1686 2470 furcis
1714 2446 1759 2469 ex
1785 2442 1944 2470 veterum
1968 2432 2070 2469 libris
2092 2440 2173 2469 tunt
2190 2430 2317 2480 expel-

430 2497 549 2538 lenda,
575 2508 620 2529 ne
644 2497 773 2530 tirones
799 2497 834 2529 in
861 2507 1011 2530 errorem
1036 2494 1258 2528 inducantur.
1893 2538 1895 2540 v

532 2554 616 2602 cap.
643 2553 708 2597 lx,
737 2558 771 2589 3.
795 2552 1057 2601 effrenatarum]
1086 2551 1169 2596 „alii
1186 2552 1449 2600 effer-‹uarumf‘
1475 2552 1554 2587 Hoc
1570 2550 1875 2599 Drakenborchius
1893 2548 1949 2585 illi
1971 2557 2063 2585 recte
2085 2548 2318 2598 praetulit.—

415 2616 493 2651 *4.
518 2626 583 2661 pro
609 2610 793 2656 Romanis]
827 2611 908 2654 ‚,lib.
934 2611 1155 2656 manuscripti
1181 2611 1309 2644 habent
1331 2613 1473 2657 porr-o.“
1523 2611 1623 2644 Hane
1650 2610 1808 2643 codicum
1835 2609 1952 2643 nescio
1993 2620 2140 2653 quorum
2166 2609 2316 2654 scriptu·

432 2686 521 2717 ram,
544 2673 582 2707 in
597 2684 664 2719 qua
689 2669 799 2706 litoris
826 2669 1057 2717 consignanda
1080 2668 1279 2714 Pyndenius
1306 2682 1434 2704 errasse
1460 2668 1609 2712 videtur,
1637 2680 1681 2702 ex
1701 2681 1758 2714 po.
1775 2681 1837 2710 ro.,
1852 2667 1889 2701 id
1915 2674 1966 2702 est
1989 2663 2116 2713 populo
2141 2662 2316 2710 Romano,

434 2732 532 2780 quod.
558 2731 640 2766 Ant.
665 2728 869 2765 Perizonius
895 2728 970 2763 sive
992 2728 1189 2775 gratificari
1213 2725 1396 2769 Romanis,
1421 2727 1457 2760 in
1478 2726 1572 2772 quod
1606 2726 1752 2761 Vossius
1778 2737 1916 2771 quoque
1942 2723 2075 2767 incidit,
2102 2724 2176 2759 sive
2200 2726 2314 2770 gratt-

423 2792 534 2839 ᾖσαν-ι’
554 2787 686 2838 populo
717 2786 881 2823 Romano
913 2785 1132 2823 scribendum
1157 2778 1231 2822 ense
1258 2786 1448 2831 suspicatus
1483 2784 1670 2819 certissima
1702 2784 1897 2818 coniectura
1929 2783 2114 2829 praecepit,
2141 2784 2313 2818 subortam
