2844 3382
2304 496 2352 528 19

476 589 623 626 wid-um
656 588 853 624 mm*
873 584 1126 628 duim-simul
1152 586 1337 632 Polybiana
1361 589 1485 631 verba,
1518 595 1557 622 ut
1581 599 1643 634 par
1668 594 1737 630 est,
1769 586 1873 621 latine
1903 588 2108 632 reddideris,
2142 590 2246 625 simul
2279 591 2349 625 loci

475 648 661 697 integritati
685 645 910 682 camb-tis.
959 645 1126 693 Usurpari
1150 654 1261 681 autem
1287 649 1454 695 οαρὶίυιιε,
1481 660 1522 691 α,
1547 659 1627 689 um,
1653 645 1765 681 veluti
1791 658 1917 680 nomen
1944 648 2166 692 adiectivum,
2195 658 2246 685 est
2271 658 2344 685 tra·-

475 707 640 743 lanicium.
689 705 770 741 L'iv.
795 705 910 748 1,-53.
940 706 1112 752 captivam
1145 708 1321 752 pecuniam
1352 709 1389 741 in
1423 706 1693 754 aeclzficationem
1730 707 1798 739 εὲω
1823 703 1941 751 templi
1964 709 2116 751 nepos-uu.
2154 709 2189 741 it.
2216 710 2257 751 ll,
2285 713 2342 744 48.

477 767 647 813 captiuam
672 768 793 810 agrum
816 763 907 811 plevi
923 776 1032 812 ,φιαηι
1057 765 1220 799 maa-ime„
1239 764 1425 813 aequaliter
1450 764 1580 799 clarent.
1633 765 1745 799 Tacit.
1775 763 1899 799 Annal.
1928 764 2008 807 XII,
2033 767 2093 798 32.
2125 764 2260 799 colonia
2285 768 2344 801 de—

477 823 611 868 ducitur
635 824 671 858 in
695 824 980 872 agrosoapflvon
1014 824 1053 859 it.
1078 824 1279 873 xlvj—30.
1294 832 1383 858 extr.
1409 836 1533 858 cruore
1550 825 1681 870 captivo
1708 822 1847 858 adolere
1864 825 1974 866 aras,
2001 832 2032 857 et
2056 822 2228 858 hominum
2242 826 2347 873 fibris

477 881 648 917 concidere
670 882 749 917 deb·
762 882 841 930 fae
858 881 1037 916 habebant.
1087 881 1183 914 Cart.
1207 882 1253 923 V,
1272 884 1307 914 6.
1331 883 1447 926 ingens
1469 883 1628 926 pecuniae
1652 884 1805 928 captivae
1827 881 1957 915 modus.
1984 883 2022 915 it.
2049 882 2146 924 VIII,
2173 886 2207 916 7.
2234 888 2346 930 capti·-

477 954 554 975 vum
579 955 713 976 aur-nt.
764 941 880 985 Quare
911 947 947 974 et
975 946 1069 974 recte
1095 938 1162 972 dici
1185 945 1302 985 potest
1325 939 1496 985 captivum
1518 936 1756 986 frumentum,
1789 940 1826 974 id
1850 948 1902 975 est
1927 939 2099 976 eiusmodi
2125 940 2345 988 frumentum,

479 1001 571 1046 quod
592 1001 629 1034 in
648 1011 730 1048 agro
754 998 890 1040 hostili,
916 997 978 1032 vel
1003 997 1227 1031 ex-hostibus
1253 1004 1389 1043 captum
1416 1004 1477 1030 est.
1529 996 1689 1030 Ceterum
1713 999 1850 1032 mallem
1877 1000 1977 1033 etiam
2003 998 2086 1042 alit,
2114 1012 2216 1046 quam
2240 1001 2345 1037 aluit:

479 1059 627 1093 maxime
648 1070 756 1105 quum
783 1058 876 1104 capit
892 1056 1099 1103 praecedere
1127 1056 1345 1091 videamus.“
1395 1055 1517 1091 Invitis
1537 1064 1648 1091 tamen
1672 1057 1844 1091 codicibus
1864 1057 1953 1091 nihil
1974 1060 2189 1094 mutaverim.
2235 1061 2344 1124 frae-

479 1116 585 1150 sentis
612 1116 707 1149 eninr
728 1126 805 1150 cum
830 1114 983 1162 perficio
1007 1114 1116 1148 iuncti
1141 1112 1300 1160 exempla
1325 1112 1471 1162 collegit
1485 1113 1787 1149 Drakenborchius
1813 1114 1855 1147 ad
1878 1113 1959 1148 Liv.
1980 1114 2039 1159 111,
2066 1115 2125 1161 46,
2143 1118 2177 1151 9.
2195 1123 2228 1151 et
2253 1117 2344 1153 alibi.

479 1176 534 1211 De
558 1174 727 1211 vocabulo
753 1175 903 1222 captivus
926 1177 1060 1221 praeter
1085 1172 1318 1208 Forcellinum
1341 1173 1459 1218 vides
1476 1188 1563 1221 quae
1596 1173 1917 1217 Drakenborchius,
1949 1176 2047 1209 cuius
2074 1176 2224 1210 editione
2249 1178 2346 1211 Mar-

478 1234 582 1267 tinius
607 1234 754 1267 caruisse
778 1232 935 1274 videtur,
971 1232 1015 1264 ad
1039 1231 1075 1264 h.
1101 1230 1125 1264 l.
1150 1231 1339 1265 adnotavit.
1388 1231 1555 1272 Wolffius
1581 1233 1750 1278 denique,
1787 1243 1850 1265 nec
1870 1229 2030 1265 'Strothio
2056 1232 2121 1267 nec
2145 1233 2346 1283 Heusinge-

478 1304 515 1336 ro
548 1290 793 1337 adstipulatus,
827 1286 888 1325 sed
921 1288 1024 1332 olim,
1057 1288 1164 1324 literis
1197 1289 1231 1323 Β
1256 1298 1290 1324 et
1319 1288 1359 1322 V
1378 1290 1598 1337 permutatis,
1631 1293 1666 1324 in
1691 1290 1866 1325 codicibus
1893 1287 2031 1325 GAPT
2027 1291 2141 1325 ISIV
2136 1292 2161 1325 I
2181 1296 2344 1339 scriptum

478 1349 582 1383 fuisse
607 1356 718 1391 ratus,
753 1348 894 1381 Livium
919 1355 949 1379 et
966 1341 1084 1395 captis
1106 1346 1155 1379 ibi
1177 1347 1349 1393 pecoribus
1381 1356 1448 1383 etc.
1473 1349 1628 1396 posuisse
1655 1348 1890 1383 existimavit..
1935 1348 2032 1392 Quae
2057 1349 2197 1395 quidem
2224 1353 2359 1387 conie-'

479 1415 574 1442 ctura
592 1406 657 1442 ⁴vel
680 1414 861 1454 propterea
884 1405 1060 1453 displicet,
1086 1406 1178 1452 quod
1203 1405 1358 1441 librarios
1385 1407 1466 1442 alibi
1490 1410 1636 1442 verbum
1660 1407 1740 1450 ibit,
1766 1415 1805 1441 ut
1829 1407 1896 1441 hoc
1920 1415 2015 1450 utar,
2041 1408 2077 1441 in
2099 1410 2158 1442 ivit
2183 1419 2343 1456 mutasse,

481 1477 645 1512 perquam
670 1464 845 1511 probabile
871 1472 942 1506 est,
966 1464 1024 1497 hic
1050 1471 1162 1497 autem
1187 1464 1379 1498 incredibili
1404 1476 1517 1499 errore
1541 1465 1656 1511 lapsos
1681 1465 1843 1499 adverbio
1867 1464 1915 1498 ihi
1938 1466 2083 1499 verbum
2104 1467 2153 1499 ivi
2178 1469 2344 1503 substitu-

480 1524 559 1568 isse,
581 1522 666 1558 mihi
686 1522 890 1571 persuadere
909 1534 980 1557 non
999 1534 1155 1570 possum.
1184 1519 1270 1558 Vid.
1290 1521 1466 1557 Adnotatt.
1489 1522 1531 1557 ad
1552 1522 1705 1559 Sallustii
1724 1524 1814 1559 Hist.
1830 1523 1909 1558 Lib.
1927 1522 1988 1558 111.
2007 1524 2210 1572 Fragmenta
2230 1539 2264 1573 p.
2289 1531 2346 1563 37.

579 1583 662 1629 Cap.
689 1582 864 1622 XXXIV,
892 1585 925 1614 1.
951 1581 1134 1625 montana]
1160 1583 1404 1622 „montanos.“
1453 1582 1511 1615 Sic
1538 1582 1628 1615 Flor.
1677 1582 1716 1614 In
1741 1583 1861 1615 ceteris
1887 1582 2061 1616 codicibus
2086 1583 2264 1630 vulgatum
2291 1599 2348 1620 re-

482 1642 680 1689 peritur.-
705 1640 792 1675 Ibid.
820 1638 952 1686 deinde]
980 1642 1074 1683 ,‚et.“
1099 1638 1156 1673 Sic
1175 1638 1267 1674 Flor.
1285 1648 1319 1675 et
1344 1639 1440 1675 Cant.
1468 1639 1581 1675 Ceteri
1597 1641 1741 1675 codices
1764 1639 1851 1673 nihil
1868 1648 2067 1674 mutant.—
2092 1641 2156 1677 ⁸4.
2184 1643 2348 1680 credendo

480 1714 539 1734 nec
564 1698 795 1745 aspernando]
821 1697 1047 1741 „credendum
1072 1706 1167 1731 ratas
1191 1706 1226 1731 et
1250 1707 1321 1732 vet.
1348 1711 1467 1733 omnes
1492 1698 1553 1732 lib.
1580 1701 1741 1732 omittunt
1765 1703 1863 1732 nec.“
1913 1699 2017 1742 Quod
2042 1699 2145 1746 longe
2165 1714 2262 1735 secus
2285 1712 2345 1737 est.

480 1758 569 1792 Lov.
605 1760 638 1791 1.
672 1768 750 1790 cum
785 1756 943 1802 optimis:
980 1768 1041 1789 nec
1071 1764 1190 1789 temere
1224 1755 1442 1800 credendum,
1477 1770 1536 1790 nec
1562 1756 1836 1803 αᾶερενηαηᾶοε,
1871 1758 1996 1791 omisso
2024 1766 2138 1802 ratus,·
2172 1760 2263 1794 Hav.
2291 1775 2348 1796 nec

481 1826 600 1849 temere
630 1813 829 1849 credendum
863 1821 975 1855 ratus,
1009 1827 1068 1849 nec
1100 1814 1373 1861 adspernandos,
1409 1815 1503 1860 quod
1535 1815 1700 1850 VVolffius
1725 1815 1867 1863 vulgato
1892 1815 2073 1862 praetulit3
2109 1816 2199 1851 Lov.
2228 1821 2260 1852 5.
2289 1833 2348 1854 nee

481 1883 599 1907 temere
632 1872 857 1914 credendum,
886 1884 946 1905 nec
979 1871 1233 1919 adspernandos
1264 1880 1377 1913 ratus,
1413 1872 1505 1918 quod
1540 1872 1705 1908 Wolffius
1737 1885 1915 1919 perperam
1948 1873 2037 1906 Lov.
2075 1877 2107 1908 1.
2144 1875 2278 1917 tribuit,
2313 1885 2347 1912 et

483 1932 659 1966 Bekkerus
691 1931 792 1964 tacite
824 1930 983 1975 quidem,
1014 1938 1053 1964 ut
1084 1929 1193 1972 solet,
1225 1931 1287 1964 sed
1312 1931 1358 1964 ita
1383 1931 1531 1976 recepit,
1570 1938 1608 1963 ut
1632 1931 1756 1964 rectius
1782 1929 2012 1975 aspernandos
2036 1931 2212 1966 scriberet.
2263 1935 2346 1969 vid.

462 1989 655 2032 ,Sch'aefen
681 1988 723 2021 ad
748 1988 897 2022 Ernestii
921 1987 1034 2022 Gloss.
1059 1988 1138 2021 Liv.
1164 2000 1191 2022 s.
1216 2000 1253 2021 v.
1278 1988 1475 2034 aspernari,
1510 1995 1544 2021 et
1564 1987 1765 2021 Doederlini
1790 1987 1980 2033 Synonym.
2006 1987 2080 2021 Lat.
2107 1989 2212 2024 Tom.
2238 1991 2283 2025 11.
2312 2006 2346 2039 p.

484 2051 567 2083 179.
593 2046 712 2082 Paullo
738 2054 817 2093 post
840 2046 1043 2081 lectionem:
1069 2058 1301 2093 nequaquam,
1336 2055 1370 2078 ut
1393 2048 1477 2079 inter
1500 2055 1662 2091 pacatos,
1694 2048 1914 2092 incomposito
1940 2048 2091 2091 agmine,
2125 2058 2169 2081 ex
2194 2048 2286 2083 Flor.
2313 2060 2349 2085 et

483 2106 581 2142 Cant.
607 2114 708 2152 atque
734 2104 940 2139 editionibus
966 2105 1115 2151 antiquis
1141 2117 1159 2139 a
1185 2104 1380 2147 Crevierio,
1412 2103 1654 2147 Lallemando,
1687 2103 2090 2152 Baumgarten-Crusio,
2125 2105 2286 2143 Bekkero
2313 2117 2348 2144 et

484 2166 655 2200 nobismet
677 2165 762 2211 ipsis
787 2164 975 2198 restitutam
1002 2163 1166 2199 WVolffius
1191 2175 1329 2209 quoque
1353 2162 1513 2210 vulgatae
1539 2164 1794 2213 praeferendam
1820 2165 1962 2198 censuit.
2013 2164 2187 2198 Vocabula
2205 2180 2346 2214 compo—

483 2225 563 2256 situs
588 2230 623 2255 et
646 2223 902 2266 incompositus,
934 2230 974 2255 ut
998 2221 1124 2255 Vellei.
1149 2222 1193 2262 11,
1220 2224 1278 2253 72.
1306 2230 1479 2266 corruptus
1505 2229 1538 2254 et
1563 2223 1789 2266 incorruptus,
1823 2221 1922 2254 etiam
1948 2222 2027 2255 Liv.
2054 2223 2224 2267 XXXIII,
2253 2228 2286 2258 9.
2314 2235 2349 2259 et

486 2284 542 2316 15.
568 2285 757 2326 permutata
781 2286 873 2313 sunt.
898 2294 947 2305 --
996 2278 1057 2313 *5.
1084 2280 1363 2325 circumspectans
1387 2277 1553 2325 solicitus]
1579 2280 1858 2325 „circumspectus
1881 2277 2105 2327 sollicitusque
2131 2292 2250 2317 omnes
2276 2292 2347 2318 vet.

484 2338 545 2372 lib.
571 2338 697 2371 habent
722 2344 757 2370 et
781 2337 938 2382 optimi.“
986 2337 1044 2370 Sic
1068 2336 1267 2380 Pyndenius
1292 2337 1437 2382 scripsit.
1487 2336 1528 2369 In
1552 2338 1671 2370 Eberti
1698 2336 1855 2382 exemplo
1877 2338 2134 2383 circumspectas
2158 2338 2351 2374 sollicitas-

484 2409 546 2443 que
566 2395 700 2441 legitur.
749 2394 827 2427 Hoc
853 2401 1050 2439 corruptum
1076 2405 1150 2427 esse
1175 2401 1333 2439 apparet:
1358 2393 1465 2436 illud,
1492 2394 1584 2438 quod
1610 2395 1724 2428 nescio
1750 2406 1792 2426 an
1819 2406 1837 2427 a
1863 2394 2032 2437 Pyndenii
2058 2407 2172 2430 errore
2199 2398 2243 2431 sit
2266 2411 2352 2444 pro-

485 2454 632 2493 fectum,
669 2463 738 2484 non
771 2451 837 2485 nisi
871 2451 1013 2484 Sueten.
1047 2450 1128 2483 Tib.
1163 2453 1220 2483 21.
1248 2458 1284 2483 et
1308 2450 1428 2484 Claud.
1456 2454 1513 2484 15.
1541 2451 1752 2495 aliorumque
1778 2452 1981 2497 scriptorum
2007 2455 2238 2487 recentiorum
2266 2455 2350 2490 locis

485 2510 620 2546 tuearis.
652 2509 791 2544 Rectius
814 2508 918 2556 igitur
936 2507 1235 2544 Drakenborchius
1260 2509 1539 2555 circumspectans
1563 2508 1790 2556 sollicitusque
1815 2512 1950 2553 omnia,
1978 2511 2072 2557 quod
2098 2512 2236 2559 Lipsius
2262 2528 2350 2559 quo-

487 2582 553 2615 que
575 2569 772 2615 probavisse
792 2568 949 2609 videtur,
975 2578 1019 2603 ex
1039 2565 1131 2600 Flor.
1153 2566 1243 2601 Lov.
1271 2569 1304 2599 1.
1330 2566 1441 2609 Hav.,
1471 2567 1507 2599 in
1533 2579 1601 2612 quo
1626 2566 1805 2614 solitusque
1831 2580 1893 2614 pro
1919 2568 2149 2617 sollis-itusque
2174 2572 2349 2618 reperitur,

486 2627 630 2674 aliisque
656 2624 888 2673 compluribus
906 2625 1010 2660 Livio
1033 2624 1192 2659 restituit.
1217 2645 1266 2651 —
1306 2627 1339 2659 6.
1365 2638 1413 2659 ea:
1436 2625 1551 2672 parte]
1579 2635 1633 2669 „et
1656 2634 1755 2672 parte
1780 2626 1877 2662 alii.“
1927 2628 2007 2663 Hoc
2033 2629 2068 2662 in
2095 2629 2168 2663 solo
2196 2629 2290 2664 Cant.
2318 2639 2350 2663 et

486 2687 523 2719 in
557 2685 650 2719 Flor.
686 2698 706 2718 a
728 2686 854 2730 prima,
886 2692 926 2718 ut
950 2684 1061 2726 aiunt,
1095 2695 1198 2717 manu
1223 2682 1366 2729 legitur,
1399 2683 1558 2717 sollemni
1583 2684 1704 2717 harum
1732 2685 1936 2720 vocularum
1962 2688 2221 2732 permutatione.
2271 2688 2347 2720 Vid.

487 2743 616 2779 Handii
648 2742 839 2779 Tursellin.
870 2741 952 2778 Vol.
985 2741 1029 2777 II.
1054 2755 1089 2790 p.
1123 2743 1207 2777 662.
1232 2762 1281 2769 —
1306 2750 1463 2777 ear-trema
1488 2743 1647 2790 agmina]
1675 2751 1770 2787 „vet.
1795 2743 1856 2779 lib.
1883 2746 2069 2791 agmimkst
2119 2744 2176 2781 Sic
2201 2745 2287 2780 Lov.
2316 2748 2344 2778 1.

488 2810 522 2835 et
546 2803 640 2836 Hav.
675 2803 848 2848 ceterique
883 2814 1020 2843 omnes,
1056 2813 1141 2846 quos
1167 2801 1364 2835 Gronovius
1391 2810 1425 2834 et
1450 2802 1752 2837 Drakenborchius
1777 2811 1869 2837 recte
1895 2804 2002 2837 secuti
2027 2811 2116 2836 sunt.
2167 2804 2258 2835 Haec
2285 2802 2346 2834 ad-

1835 2855 1910 2895 3.

2763 390 2772 396 .

2817 391 2836 539 κτῆμ’*
2817 375 2820 381 “
2818 353 2835 362 ,¹
2821 323 2832 341 ’-Δ

2822 543 2839 645 ,φἸΓᾼἿ
