2844 3382
2298 463 2340 495 13

438 569 606 619 §vulgato
648 563 820 616 praetulit,
841 572 876 600 et
899 565 1084 612 Rupertius
1107 571 1186 612 post
1216 563 1383 599 Clericum
1410 562 1560 610 recepit:
1594 557 1803 606 Doeringius
1835 566 1948 592 autem
1971 557 2006 592 in
2032 557 2067 592 id
2099 558 2270 600 audaciae,
2295 569 2339 591 ne

472 629 564 677 quid
596 627 736 675 gravius
770 624 904 668 dicam,¹
928 635 1128 671 progressus
1162 631 1224 667 est,
1249 631 1286 657 ut
1310 635 1371 670 pro
1397 637 1438 657 ea
1462 621 1522 657 vel
1546 634 1616 663 ea-e,
1650 619 1727 665 quis
1763 615 1906 651 credat?
1939 616 2090 661 singulae
2120 616 2339 652 scribendum

475 699 551 724 ene
585 685 793 731 opinaretur.
851 673 981 717 Co'ntra
1006 683 1230 729 Baumgarten
1244 701 1264 708 -
1280 681 1420 716 Crusius
1451 681 1563 727 Lipsii
1599 686 1633 713 et
1663 676 1833 712 Gronovii
1873 675 2102 708 coniecturam
2135 675 2338 708 refutaturus

472 743 680 780 verissime&
708 740 790 787 „At,
814 740 938 787 inquit,
961 741 1008 775 ito
1030 740 1130 787 sequi
1152 739 1293 774 deberet
1325 738 1504 783 habebant,
1537 750 1608 772 non
1633 743 1742 779 erant,
1779 732 1872 780 quod
1899 732 2114 767 Gronovium
2147 744 2215 766 non
2240 732 2337 780 sugit.

470 803 541 837 Ru
565 801 663 837 salva
686 808 749 841 est,
774 812 837 833 nec
863 800 1044 844 quicquam
1062 799 1297 832 mutandum.“
1319 797 1482 831 Similiter
1507 797 1598 830 enim
1623 796 1703 829 Liv.
1730 792 1908 833 XXXIII,
1937 794 1969 824 1.
1996 804 2036 823 ea
2062 789 2128 824 duo
2153 789 2253 823 milia
2270 792 2339 823 mi-

473 858 573 895 lium
597 866 708 901 erant,
731 858 791 892 ubi
814 856 1116 893 Drakenborchius
1140 866 1319 902 perperam
1344 855 1371 887 ii
1394 865 1457 900 pro
1482 866 1523 887 ea
1546 852 1783 898 reponendum
1807 862 1882 885 esse
1907 849 2067 891 coniecit,
2093 848 2129 881 in
2145 847 2339 895 parenthesi

473 919 654 962 adduntur,
681 924 716 953 et
737 930 815 964 cap.
842 915 877 950 4.
904 915 946 950 de
971 913 1203 949 Macedonum
1228 911 1418 960 phalange:
1458 910 1582 945 Decem
1608 919 1637 944 et
1655 924 1718 944 sex
1741 908 1840 944 milia
1859 907 2006 943 militum
2033 907 2117 941 llaec
2131 905 2249 956 fuere,
2278 919 2337 941 ro-

2804 391 2832 691 ‹-<›‘-*rm÷.2··0mn÷¹r*
2804 305 2826 383 ea:-
2806 271 2810 274 ’

0 963 50 995 V<
104 1005 115 1009 >
472 978 533 1012 bur
557 991 654 1012 omne
677 977 797 1010 virium
823 976 890 1007 eius
915 974 1027 1018 regni,
1054 972 1147 1018 quod
1171 983 1234 1017 pro
1268 970 1410 1017 vulgato
1436 979 1466 1002 et
1492 971 1587 1014 regni
1610 971 1645 1002 in
1672 970 1747 1003 cod.
1782 971 1900 1003 Bamb.
1939 969 2082 1014 reperiri
2115 967 2236 1000 Melet.
2264 967 2337 999 crit.

471 1037 574 1084 Spec.
599 1035 626 1070 I.
652 1048 687 1081 p.
717 1037 776 1070 13.
804 1032 933 1066 monui.
966 1030 1048 1066 Vid.
1073 1030 1139 1064 Iac.
1174 1029 1330 1064 Perizon.
1365 1028 1410 1062 ad
1444 1027 1524 1062 Lixn
1552 1026 1688 1070 XXVI,
1723 1029 1783 1070 28,
1808 1027 1841 1062 4.
1869 1036 1902 1062 et
1927 1028 2014 1061 locis
2037 1027 2083 1060 ibi
2117 1025 2226 1060 citatis
2253 1023 2339 1057 adde
2813 1037 2819 1051 2>

470 1094 552 1129 Liv.
577 1091 711 1136 XXIII,
737 1094 794 1126 35.
812 1089 979 1133 XXVIII,
1000 1088 1057 1123 14.
1083 1088 1222 1131 XXIX,
1249 1092 1308 1123 31.
1335 1086 1469 1129 XXX,
1497 1089 1555 1119 33.
1582 1092 1682 1130 atque
1707 1092 1882 1131 praeterea
1907 1086 1948 1118 cs.
1975 1083 2204 1117 Iluddimanni
2229 1083 2341 1126 Instit.
2806 1057 2818 1107 i

473 1153 625 1188 Gramm.
649 1152 725 1186 Lat.
749 1151 839 1187 Part.
864 1149 908 1183 II.
933 1161 968 1194 p.
995 1151 1055 1182 21.
1081 1146 1200 1181 Paullo
1225 1154 1305 1193 post
1329 1146 1397 1179 iam
1422 1143 1677 1186 Lallemandus,
1704 1156 1806 1189 quem
1841 1152 1977 1178 secutus
2004 1156 2090 1185 sum,
2126 1154 2169 1175 ex
2196 1141 2339 1174 Crevie-
2808 1120 2815 1141 ²

472 1212 515 1247 rii
539 1219 583 1247 et.
598 1206 869 1244 Drakenborchii
894 1202 1133 1241 emendatione
1155 1204 1290 1252 scripsit
1314 1204 1437 1237 treceni
1457 1214 1520 1250 pro
1545 1202 1691 1245 trecenti,
1715 1202 1807 1248 quod
1836 1203 1935 1236 etiam
1960 1202 1993 1234 in
2020 1200 2073 1234 ed.
2109 1199 2251 1234 Ascens.
2276 1209 2340 1231 ex·
2808 1189 2820 1234 {v

474 1270 600 1317 emplo,
632 1270 669 1302 in
702 1266 908 1301 bibliotheca
932 1263 1069 1299 scholae
1095 1263 1241 1297 Asi-anae
1267 1263 1457 1305 adservato,
1485 1263 1525 1295 ab
1552 1262 1689 1306 antiqua
1714 1274 1816 1294 mann
1842 1262 1877 1294 in
1906 1260 1992 1294 illud
2021 1268 2071 1293 est
2098 1267 2275 1292 mutatum.
2293 1275 2341 1283 -

472 1330 538 1365 ⁸9.
563 1326 675 1363 eodem
701 1324 809 1370 anno]
833 1336 896 1365 „eo
922 1321 1066 1356 dein.—
1092 1334 1182 1356 anno
1207 1320 1429 1356 delendum.“
1472 1320 1637 1354 Similiter
1662 1319 1802 1366 Lipsius
1835 1320 1912 1354 Liv.
1939 1319 1965 1361 I,
1992 1325 2025 1354 5.
2054 1307 2187 1357 codem,
2217 1316 2272 1349 cni
2298 1327 2335 1348 eo

476 1383 617 1420 demum'
634 1395 679 1417 ex
702 1380 975 1416 Drakenborehii
999 1379 1210 1424 aliorumque
1235 1380 1405 1414 sententia
1432 1379 1678 1421 substituimus,
1701 1379 1737 1411 in
1763 1391 1799 1410 eo
1826 1378 1900 1409 dein
1927 1377 2125 1410 mutandum
2154 1388 2225 1409 esse
2254 1386 2337 1406 cen-

475 1445 554 1481 suit.
601 1440 767 1479 Wolffius
794 1446 828 1474 et
852 1437 1031 1474 G-ronovio
1057 1435 1171 1471 eodem
1195 1436 1231 1470 in
1256 1435 1413 1480 nondum,
1440 1436 1533 1482 quod
1557 1435 1734 1470 Bekkerus
1759 1436 1898 1481 recepit,
1927 1435 2142 1469 coniecturae
2169 1445 2232 1479 ope
2260 1443 2338 1464 mu-

476 1503 572 1544 tanti,
600 1508 635 1534 et
658 1499 877 1543 Heusingero
912 1495 1120 1530 vocabulum
1151 1508 1248 1527 versa
1280 1495 1322 1526 ad
1346 1496 1576 1527 Romanorum
1611 1495 1725 1537 copias
1751 1494 1911 1525 referenti
1946 1494 2144 1525 adver-satus
2170 1491 2212 1523 de
2238 1490 2340 1521 huius

477 1560 549 1598 loci
572 1558 749 1607 scriptura,
774 1566 899 1590 vereor
923 1561 962 1588 ut
985 1560 1090 1597 recte,
1117 1552 1280 1601 exposuit
1301 1551 1395 1586 hunc
1419 1551 1455 1585 in
1481 1550 1638 1585 modum:
1665 1550 1858 1596 „Equidem
1883 1557 1961 1597 post
1975 1547 2144 1584 vocabula
2166 1546 2342 1595 provincia

479 1628 515 1655 et
540 1617 666 1653 bellum
690 1615 805 1650 incisis
838 1614 1152 1659 interpungendum
1177 1620 1211 1645 et
1236 1611 1349 1644 eodem
1374 1612 1410 1643 in
1437 1610 1552 1643 eadem
1583 1610 1783 1642 mutandum
1811 1622 1884 1642 esse
1911 1610 2075 1654 suspicor,
2102 1605 2340 1652 atque'ecaedem

476 1692 574 1715 versa
599 1678 634 1711 in
660 1674 823 1710 Punicum
848 1671 975 1707 bellum
999 1673 1205 1717 interpretor
1230 1684 1315 1718 quae
1340 1668 1470 1712 eadem,
1498 1682 1583 1716 quae
1607 1677 1636 1701 et
1660 1669 1735 1714 ipsa
1769 1665 2071 1714 (quemadmodum
2098 1665 2193 1701 Italia
2217 1674 2250 1699 et
2273 1664 2342 1698 Hi-

476 1735 611 1785 spania)
638 1733 686 1768 ad
711 1732 874 1767 Punicum
907 1729 1032 1764 bellum
1065 1730 1218 1762 animum
1254 1728 1464 1770 adverterat,
1501 1742 1585 1775 quae
1610 1735 1639 1759 ei
1665 1728 1738 1772 ipsa
1765 1740 1800 1759 so
1823 1740 1909 1759 moa·
1941 1726 2021 1760 belli
2045 1725 2153 1759 sedem
2178 1723 2343 1771 saiwam

476 1793 753 1842 suspicabatur-‘⁶
775 1792 872 1824 Haec
897 1790 954 1822 iis
972 1788 1085 1831 addas,
1120 1799 1206 1832 quae
1232 1788 1267 1819 in
1294 1787 1471 1820 Adnotatt.
1501 1783 1542 1817 ad
1577 1785 1731 1817 Sallustii
1764 1785 1855 1817 Ilist.
1891 1786 1967 1818 Lib.
1995 1786 2053 1817 III.
2079 1786 2280 1829 Fragmenta
2308 1794 2342 1826 p.

479 1858 539 1889 70.
565 1866 616 1898 sq.
643 1852 684 1885 de
710 1850 777 1884 hoc
802 1848 880 1883 loco
906 1848 995 1890 dixi,
1021 1854 1123 1892 atque
1151 1859 1228 1880 cum
1256 1845 1342 1880 locis
1367 1845 1446 1879 Liv.
1473 1844 1662 1885 XXXVII,
1693 1848 1748 1879 19.
1776 1852 1809 1877 et
1835 1844 1946 1883 XLII,
1980 1846 2038 1879 47.
2067 1843 2192 1876 ibidem
2219 1848 2341 1873 tracta-

480 1913 524 1948 tis
550 1909 702 1946 conferas
726 1906 833 1941 velim
856 1904 991 1948 XXIII,
1019 1905 1077 1941 34.
1104 1902 1218 1938 eodem
1243 1902 1291 1936 ad
1317 1902 1455 1936 Iunonis
1480 1901 1661 1942 Laciniae,
1687 1901 1742 1933 ubi
1767 1902 1861 1933 noris
1887 1899 2019 1935 occulta
2037 1902 2069 1932 in
2089 1901 2231 1932 statione
2257 1906 2341 1937 erat,

473 1970 676 2018 perveniunt.

578 2026 661 2073 Cap.
689 2021 822 2067 XVIII,
858 2022 920 2059 '‘4.
953 2021 1124 2069 princeps]
1162 2032 1343 2067 „praeceps
1375 2020 1420 2054 D.
1446 2018 1475 2054 I.
1507 2017 1658 2065 Lypsius
1693 2016 1885 2052 emendat.“
1910 2017 2046 2063 Lipsius
2081 2017 2193 2062 igitur,
2236 2026 2342 2060 quum

480 2088 572 2121 Lov.
602 2089 635 2119 1.
662 2092 696 2118 et
719 2083 811 2116 Hav.
836 2083 990 2128 princeps
1013 2081 1169 2122 offerant,
1195 2090 1390 2126 germanam
1416 2078 1517 2111 huius
1544 2076 1612 2110 loci
1638 2076 1837 2122 scripturam
1864 2088 1882 2108 a
1908 2076 2084 2109 Gronovio
2122 2086 2164 2107 ex
2191 2073 2342 2106 editione

481 2144 638 2192 principe
672 2150 706 2176 et
739 2139 914 2174 codicibus
949 2139 1088 2186 optimis
1119 2138 1307 2172 restitutam
1341 2144 1441 2181 atque
1468 2148 1486 2168 a
1512 2134 1686 2168 Crevierio
1720 2134 1844 2179 pariter
1870 2146 1906 2167 ae
1940 2131 2218 2166 ilirakenborchio
2244 2143 2343 2163 rece-

482 2210 576 2250 ptam
602 2201 677 2235 sive
702 2200 738 2232 in
764 2198 831 2233 alio
858 2198 976 2233 codice
1002 2197 1180 2243 reperisse,
1207 2196 1281 2229 sive
1307 2193 1470 2241 palmaria
1496 2195 1689 2227 coniectura
1715 2192 1894 2225 adsecutus
1921 2204 1993 2225 esse
2019 2192 2224 2224 videtur.—
2256 2188 2344 2222 Ibid.

485 2259 609 2305 Vana]
637 2260 818 2301 „vestra.“-
860 2258 918 2291 Sic
944 2257 1032 2291 Lov.
1062 2259 1094 2289 1.
1122 2263 1159 2289 et·
1180 2255 1272 2288 Hav.
1300 2253 1425 2298 aliique
1452 2251 1657 2298 complures.
1708 2251 1786 2285 Hoc
1813 2263 1948 2296 quoque
1974 2250 2169 2285 Gronovius
2197 2261 2240 2283 ex
2268 2247 2346 2282 edi·

483 2319 633 2354 tionibus
658 2315 867 2350 Ascensiana
892 2314 1139 2361 antiquioribus
1164 2312 1353 2347 revocavit.
1369 2331 1417 2337 --
1452 2314 1487 2344 7.
1513 2309 1643 2355 nostro]
1671 2310 1887 2353 „addendum
1912 2308 2031 2357 quid.‘·'
2066 2308 2158 2342 Flor.
2187 2316 2219 2341 et
2247 2306 2345 2340 Cant·

479 2377 567 2425 quid*
586 2384 698 2410 nostro
724 2382 783 2407 aut
806 2386 865 2407 suo
880 2371 1011 2420 fecerit
1036 2371 1192 2405 arbitrio.
1241 2370 1363 2415 Neque
1389 2377 1513 2411 tamen,
1548 2382 1653 2413 quum
1678 2370 1801 2402 verba:
1837 2377 1960 2408 nostr-o,
1988 2382 2033 2401 an
2059 2381 2116 2402 suo
2133 2366 2264 2414 fecer-it
2283 2379 2345 2398 ar-

0 2444 43 2488 y
482 2436 594 2480 bitrio,
618 2431 847 2481 respondeant
872 2438 906 2466 et
930 2430 1231 2478 praecedentibus:
1258 2429 1391 2475 privato
1415 2425 1592 2474 publicone
1617 2425 1757 2461 consilio
1783 2425 1971 2473 Saguntum
1989 2435 2218 2474 oppugnatum
2245 2426 2297 2467 sii,
2315 2433 2346 2457 et

480 2493 722 2540 sequentibus:
756 2490 927 2524 licueritne
949 2487 1155 2535 per-foedus
1168 2489 1265 2534 fieri,
1293 2487 1423 2519 admitti
1449 2494 1561 2531 potest
1586 2486 1853 2519 additamentum
1880 2488 1920 2519 ab
1955 2486 2058 2519 huius
2088 2485 2155 2519 loci
2183 2484 2346 2518 sententia

482 2563 622 2602 prorsus
653 2549 812 2584 alienum.
863 2547 967 2592 Quod
1000 2548 1029 2581 si
1054 2558 1151 2581 secus
1178 2552 1277 2588 esset,
1302 2542 1363 2578 vel
1394 2552 1452 2577 aut
1476 2554 1539 2590 pro
1574 2556 1620 2576 an
1652 2544 1863 2590 ponendum,
1898 2543 1958 2578 vel
1995 2542 2076 2590 quid
2110 2553 2233 2583 nostro,
2270 2539 2347 2587 quid

481 2625 540 2647 suo
556 2609 685 2659 fecerit
710 2607 864 2651 arbitrio,
891 2605 1107 2641 scn'bendum
1133 2605 1230 2647 foret,
1255 2611 1292 2637 ut
1314 2603 1420 2637 infra:
1454 2600 1535 2648 quid
1566 2599 1702 2648 publico
1728 2602 1881 2644 consilio,
1909 2602 1990 2649 quz'sl
2016 2616 2076 2635 sua
2100 2609 2212 2647 sponte
2239 2603 2343 2645 impe-

482 2679 613 2705 ratores
628 2666 788 2716 faciani.
806 2685 855 2692 —-
894 2665 957 2698 ³⁶8.
983 2664 1158 2711 quoniam]
1185 2662 1393 2709 „legendum
1420 2674 1485 2694 non
1510 2662 1623 2694 iam.“
1647 2661 1787 2708 Lipsius
1814 2662 1928 2709 igitur,
1957 2674 2062 2706 quum
2088 2660 2239 2694 librarios
2266 2663 2286 2690 ἦ
2311 2660 2345 2690 ia*

479 2729 516 2763 in
532 2733 589 2776 97η
606 2728 680 2762 sive
697 2732 762 2774 quo·
781 2732 926 2760 mutasse
950 2734 1020 2757 non
1035 2721 1209 2770 probabile
1235 2721 1288 2763 sit,
1301 2721 1407 2754 verba
1433 2721 1519 2767 itaq,·
1547 2732 1614 2753 non
1639 2721 1711 2753 iam
1739 2720 1775 2754 in
1799 2721 1886 2767 itaq3
1907 2721 2065 2766 quoniam
2086 2720 2205 2753 abiisse
2224 2718 2339 2750 existi-

480 2787 597 2822 mavit.
625 2785 695 2820 Cur
726 2794 843 2819 tamen
856 2797 880 2818 a·
890 2782 1043 2830 vulgato,
1059 2781 1152 2827 quod
1177 2780 1352 2826 sequentia
1370 2788 1485 2826 aperte
1511 2780 1701 2826 requirunt,
1720 2780 1763 2815 sit
1790 2779 2046 2819 discedendum,
2073 2790 2142 2811 non
2163 2775 2338 2822 perspicio.
