2844 3376
497 482 545 515 26

494 577 636 624 Lipsius
657 575 892 612 scribendum
905 577 1080 628 censuerit
1103 576 1348 617 existimaritis,
1374 574 1471 620 quod
1496 576 1696 613 Gronovius
1722 586 1757 613 et
1781 576 2084 613 Drakenborchius
2109 588 2154 612 ex
2177 576 2256 612 Ριιι.
2281 577 2375 612 Flcr.

496 643 532 670 et
550 634 648 669 Cant.
673 639 895 681 receperunt.
917 653 970 661 —-
1007 638 1065 671 12.
1089 632 1171 681 quid
1194 640 1241 666 est
1266 630 1377 678 quod]
1400 632 1553 674 „melius
1578 647 1650 669 car.
1654 637 1681 656 ‘⁸‘
1729 630 1925 682 Utrumque
1938 643 2032 671 recte
2052 635 2186 671 dicitur.
2236 635 2376 671 Grono-

495 693 575 728 vius
599 700 717 727 tamen
741 700 778 727 et
811 692 1116 728 Drakenborcbius
1147 703 1207 724 cur·
1233 700 1276 722 ex
1302 688 1378 721 Put.
1412 688 1506 723 Flor.
1539 689 1640 725 Cant.
1667 698 1703 725 ct
1727 692 1830 726 Voss.
1855 701 2097 740 reposuerunt.
2121 713 2172 722 -
2223 698 2282 731 18
2306 701 2379 728 tum

495 750 685 799 laudastis]
711 750 798 796 „vel
824 749 938 785 collau
1127 747 1206 781 Hoc
1236 746 1398 793 Sigonius
1425 759 1470 782 ex
1494 756 1556 782 vet.
1581 746 1642 782 lib.
1668 748 1813 796 protulit
1838 757 1873 784 et
1903 750 2209 788 Drakenborchius
2239 752 2277 787 in
2300 753 2378 787 Ber.

497 811 647 844 invenit.
672 828 724 835 —
771 808 857 841 Ibid.
883 806 950 839 don
1100 816 1160 838 voc
1188 818 1212 837 a
1237 817 1290 836 me
1315 803 1436 838 donati
1460 806 1572 839 “11:25⁶
1622 805 1811 839 Adnotatio
1837 814 1982 851 utreque
2005 808 2042 841 in
2068 809 2187 843 Ebmi
2220 809 2379 857 exemplo

498 868 547 903 ita
571 868 753 904 coniuncta
787 872 837 899 est
862 876 900 897 ac
935 862 1140 910 depravata:
1190 861 1283 905 „Vel
1310 860 1531 897 collaudem's
1554 882 1605 890 -—
1629 862 1694 898 vel
1713 877 1738 898 a
1762 877 1816 898 me
1839 862 1961 900 ἆοιιαεί
1989 866 2104 901 estis-‘⁴
2154 867 2210 903 De
2234 867 2382 914 lectione

499 935 579 961 ante
603 925 816 960 Gronovium
843 921 1005 968 vulgata:
1034 929 1105 955 tum
1131 919 1303 955 laudastis
1329 935 1401 964 me,
1428 921 1572 966 milites,
1598 921 1772 966 donastis,
1796 936 1884 970 quae
1910 925 1947 958 in
1971 924 2064 959 Lov.
2091 930 2124 962 1.
2151 933 2186 959 et
2206 926 2300 960 Hav.
2316 926 2381 961 aii-

500 986 599 1029 isque
624 982 800 1016 codicibus
825 980 1016 1026 reperitur,
1042 979 1132 1013 Phil.
1159 980 1339 1014 Rubenius
1364 979 1476 1014 Elect.
1502 980 1529 1022 1,
1555 983 1614 1014 23.
1639 993 1676 1027 p.
1701 983 1762 1015 26.
1787 982 1835 1014 ita
1859 982 2040 1017 disseruit:
2072 983 2194 1028 „Quid
2219 983 2376 1018 donave-

499 1039 594 1075 rint?
630 1053 673 1074 an
697 1051 842 1073 munera
866 1038 1024 1084 accipere
1050 1051 1068 1072 a
1093 1036 1261 1073 militibus
1280 1038 1464 1084 imperator
1488 1036 1604 1072 solet?
1628 1039 1700 1072 imo
1726 1039 1818 1074 dare.
1843 1040 1883 1074 Si
1907 1052 1979 1074 non
2005 1041 2134 1088 nliquid
2159 1042 2258 1085 defit,
2284 1040 2382 1089 lege—

498 1100 563 1132 rim
589 1099 627 1131 in
652 1097 743 1131 hanc
769 1104 943 1130 mentem:
976 1095 1097 1129 donati
1120 1097 1208 1129 estis.
1258 1097 1339 1129 Duo
1361 1096 1545 1130 recensuit.
1593 1096 1640 1129 Et
1664 1106 1748 1144 ege,
1772 1096 1907 1144 inquit,
1938 1097 2072 1132 fortiter
2096 1111 2199 1148 saepe
2223 1099 2290 1134 feci
2314 1111 2382 1134 vo-

498 1159 551 1193 bis
576 1157 830 1203 spectantibus,
857 1163 891 1189 et
916 1167 981 1189 vos
1008 1168 1076 1189 me.
1127 1155 1283 1189 Laudem
1308 1156 1413 1200 igitur
1438 1168 1456 1188 a
1481 1156 1583 1189 vobis
1607 1155 1745 1200 accepi,
1777 1156 1969 1212 praemium
1993 1158 2135 1191 unicum
2160 1160 2323 1198 ducibus3
2349 1167 2384 1192 et

500 1226 566 1250 vos
592 1214 683 1248 dona
708 1226 728 1247 a
753 1224 822 1257 me,
848 1223 893 1246 ex
918 1211 1059 1246 militiae
1083 1222 1189 1246 more.
1193 1213 1216 1231 “
1240 1212 1337 1246 Haec
1362 1222 1500 1258 quoque
1525 1211 1704 1260 Rubenius
1728 1210 1850 1260 Lipsio
1874 1212 2065 1262 sublegisse
2090 1213 2241 1249 videtur.
2282 1214 2381 1249 Mul-

500 1283 537 1307 to
563 1282 678 1307 tamen
703 1273 849 1312 rectius,
876 1282 981 1315 quum
1008 1270 1206 1305 Gronovius
1231 1271 1267 1303 in
1294 1270 1370 1304 cod.
1396 1270 1474 1304 Put.
1500 1279 1571 1312 ium
1597 1269 1751 1305 laudatis
1775 1284 1829 1305 me
1852 1271 1987 1306 miliens
2011 1272 2211 1321 donatisque
2231 1275 2383 1321 reperis-

497 1338 567 1374 set,
593 1328 675 1365 Alb.
700 1327 899 1372 Rubenius,
933 1328 993 1374 qui
1017 1336 1140 1375 patruo
1166 1327 1320 1376 sagacior
1358 1327 1441 1363 Liv.
1468 1328 1643 1372 XXXIII,
1670 1328 1730 1364 45.
1755 1337 1787 1363 εί
1811 1330 1935 1364 inertia
1959 1331 2085 1378 sopiri,
2125 1333 2219 1379 quod
2243 1333 2280 1368 in
2305 1332 2384 1368 cod.

494 1389 618 1423 Bamb.
643 1388 789 1435 legitur,
814 1398 877 1433 pro
903 1395 934 1420 ee
951 1388 1076 1421 inertia
1100 1388 1210 1434 operis
1236 1387 1483 1433 -reponendum
1509 1399 1585 1422 esse
1610 1387 1721 1431 vidit,
1746 1387 1911 1435 palmaria
1937 1390 2132 1424 coniectura
2156 1390 2249 1425 hunc
2267 1390 2382 1425 locum

499 1448 546 1482 ita
570 1447 737 1490 restituit,
771 1453 810 1480 ut
842 1446 1027 1481 scriberet:
1059 1443 1146 1481 Cum
1170 1443 1324 1480 laudatis
1349 1459 1374 1479 a
1397 1459 1453 1479 me
1480 1444 1607 1479 millies
1631 1444 1849 1494 donatisque,
1882 1447 1975 1493 quod
2010 1447 2210 1484 Gronovius
2243 1450 2384 1496 recepit.

498 1505 559 1539 Ad
582 1505 651 1539 hoc
675 1504 837 1551 proxime
863 1503 994 1554 accedit
1018 1502 1113 1538 Flor.
1139 1511 1174 1537 et
1199 1502 1298 1537 Cant.
1323 1504 1492 1550 scriptura
1517 1515 1536 1537 a
1561 1502 1847 1538 Drakenborchio
1873 1512 2019 1539 enotata.

602 1562 686 1609 Cap.
702 1562 833 1605 XLIV,
852 1566 887 1598 3.
901 1562 1098 1607 pugnaturi,
1125 1570 1253 1608 quanto
1274 1562 1406 1608 maior]
1433 1563 1655 1608 „pugnatur-i,
1681 1576 1785 1609 quam
1809 1563 1925 1606 hostis,
1950 1572 2077 1610 quanto
2102 1566 2257 1600 maior.“
2287 1564 2383 1609 Pyn-

502 1621 627 1656 deuius
653 1620 766 1664 enim,
791 1627 875 1654 nota
899 1620 1018 1654 verbis
1051 1628 1180 1667 quanto
1205 1621 1320 1654 maior
1353 1620 1528 1667 apposita,
1561 1621 1598 1655 in
1632 1621 1784 1669 margine
1819 1628 1888 1668 ᾳιιᾶ
1911 1620 2015 1656 hostis
2046 1622 2236 1670 adscripsit.
2286 1622 2384 1667 Quae

502 1680 642 1726 Lipsius
667 1680 703 1712 in
729 1679 849 1713 codice
875 1679 995 1722 nescio·
1019 1690 1089 1724 quo
1106 1679 1243 1712 invenit
1267 1680 1374 1712 verba
1399 1692 1503 1725 quam
1528 1678 1643 1722 hostis,
1669 1691 1774 1725 qumn
1800 1679 1998 1715 Gronovius
2026 1693 2071 1714 ex
2095 1680 2172 1714 cod.
2197 1680 2274 1713 Put.
2299 1692 2383 1725 pro-

504 1737 652 1781 tulisset,
678 1744 723 1781 et,
748 1749 833 1771 num
856 1736 962 1771 Livio
987 1735 1199 1771 restituenda
1222 1736 1307 1780 sint,
1334 1737 1584 1780 addubitant,
1610 1736 1912 1773 Drakenborchius
1935 1737 1972 1771 in
1997 1738 2158 1773 orationis
2182 1745 2383 1772 contextum

506 1804 709 1842 recepturus
733 1796 840 1830 fuisse
864 1796 1015 1829 videtur.
1064 1796 1174 1829 Nam:
1207 1796 1345 1837 „Voces
1372 1809 1476 1841 quam
1500 1795 1615 1838 hostis,
1639 1796 1771 1841 inquit,
1797 1808 1841 1829 ne
1866 1796 1946 1841 quis
1970 1795 2057 1830 sorte
2082 1796 2159 1830 Pur.
2186 1804 2383 1842 suspectum

503 1855 646 1896 habeat,
673 1853 843 1886 exhibent
867 1853 971 1886 etiam
995 1851 1089 1886 Flor.
1118 1860 1153 1886 et
1177 1851 1300 1885 Cant.“
1349 1854 1456 1887 Recte
1482 1853 1586 1900 igitur
1609 1852 1789 1888 Bekkerus
1820 1853 1986 1898 inseruit3
2019 1852 2150 1889 lectore
2183 1861 2310 1899 tamen,
2344 1861 2383 1889 ut

504 1913 610 1955 solet,
645 1924 717 1945 non
749 1911 894 1944 monito.
920 1930 969 1937 —
1026 1910 1095 1944 ’4.
1128 1909 1309 1956 Accendit]
1349 1911 1599 1953 „Accendat.“
1623 1931 1673 1939 —·-
1730 1912 1750 1930 '¹'
1774 1912 1863 1946 Ibid.
1895 1910 2067 1958 stimulat]
2101 1911 2310 1954 ‚,³timulet.⁶‘
2335 1932 2383 1941 —

504 1972 522 1989 '⁶
537 1970 627 2006 Ibid.
645 1968 757 2013 dolor,
782 1969 928 2015 iniuria]
959 1966 1085 2012 „dolor
1102 1969 1291 2003 iniuriaef‘
1340 1969 1465 2004 Trium
1489 1969 1612 2004 harum
1644 1969 1834 2004 lectionum
1854 1981 1921 2004 nec
1945 1968 2027 2004 vola
2051 1982 2115 2004 nec
2139 1970 2324 2017 vestigium
2347 1970 2383 2005 in

504 2030 679 2064 codicibus
703 2028 871 2062 hactenus
897 2027 1030 2061 collatis
1063 2035 1216 2072 apparet.
1266 2027 1340 2061 Nec
1373 2028 1558 2071 quicquam
1590 2026 1790 2061 novandum
1816 2039 1890 2061 esse
1916 2028 2071 2061 arbitror.
2120 2027 2254 2061 Vereor
2278 2028 2383 2072 enim,

504 2101 549 2122 ne
575 2086 739 2121 orationis
765 2086 867 2120 nervi
891 2084 1097 2119 incidantur.
1123 2102 1174 2109 —
1223 2083 1286 2119 *5.
1302 2096 1390 2118 >cum
1414 2083 1532 2130 quibus
1553 2084 1692 2131 pacem]
1718 2086 1938 2131 „pacemve.“
1986 2085 2088 2119 Hanc
2112 2083 2298 2119 lectionem
2314 2099 2383 2120 un-

504 2146 688 2190 decunque
721 2144 864 2190 petitam
895 2150 1000 2188 >atque
1030 2154 1050 2175 a
1082 2140 1265 2186 Pyndenio
1299 2141 1347 2175 ita
1379 2143 1634 2188 consignatam,
1668 2149 1707 2177 ut
1739 2150 1821 2176 nota
1852 2141 1999 2177 voculae
2031 2155 2107 2178 cum
2137 2143 2182 2178 sit
2213 2144 2384 2190 apposita,

504 2205 532 2239 si
565 2202 762 2245 admiseris,
803 2214 879 2236 cum
912 2199 1030 2248 quihus
1064 2198 1190 2233 bellum
1223 2212 1383 2246 pacemve
1416 2198 1620 2244 habeamus,
1660 2200 1881 2235 scribendum
1912 2201 1988 2235 erit.
2046 2200 2149 2245 Quod
2181 2201 2301 2236 nolim.
2336 2219 2382 2229 -·-

505 2264 522 2281 ¹
540 2265 574 2296 7.
600 2261 813 2306 veterrimas]
838 2268 986 2303 „veteres
1007 2260 1140 2293 meas.“
1190 2257 1286 2293 Olim
1310 2259 1505 2293 veterrimas
1527 2260 1723 2306 provincias
1746 2268 1881 2294 nostras
1906 2259 2088 2304 edebatur,
2113 2260 2168 2294 cui
2190 2262 2385 2295 veterrimas

502 2320 696 2366 provincias
720 2332 814 2352 meas
829 2329 874 2353 ex
890 2317 967 2352 Put.
994 2316 1140 2364 aliisque
1165 2317 1340 2352 codicibus
1364 2317 1642 2352 substituendum
1667 2326 1765 2361 esse,
1791 2316 1989 2354 Gronovius
2015 2317 2214 2354 Observatt.
2239 2318 2302 2363 IV,
2322 2321 2382 2355 20.

507 2392 540 2425 p.
565 2378 648 2412 754.
663 2391 715 2424 sq.
743 2378 887 2411 monuit.
926 2377 1085 2423 Lipsium
1103 2385 1240 2411 secutus
1266 2377 1341 2410 sive
1368 2385 1522 2419 nostras,
1549 2377 1625 2411 sive
1650 2390 1762 2419 meas,
1788 2377 1882 2422 quod
1896 2376 2068 2412 vocabulo
2090 2378 2284 2423 provincias
2299 2377 2383 2411 vul-

508 2448 551 2483 go
577 2437 770 2479 subiicitur,
807 2435 942 2470 omittas
967 2448 1109 2472 necesse
1136 2443 1198 2471 est.
1249 2434 1382 2469 Verum
1417 2435 1510 2469 enim
1543 2446 1647 2479 vero,
1679 2443 1720 2470 ut
1743 2434 1873 2479 dicam,
1908 2435 2002 2482 quod
2026 2447 2082 2471 res
2107 2443 2177 2480 est,
2203 2434 2384 2482 Pyndenio

508 2495 594 2527 haec
618 2494 787 2528 adnotatio
813 2495 858 2527 ita
885 2502 956 2528 erat
981 2494 1243 2528 conformanda:
1278 2494 1456 2538 „nostr-as]
1493 2502 1653 2536 „veteres
1678 2496 1809 2528 measst
1858 2494 2000 2540 Quippe
2024 2494 2182 2540 Lipsius,
2216 2495 2283 2528 nisi
2308 2507 2384 2528 mea

509 2566 565 2587 me
590 2550 677 2585 fallit
703 2552 836 2597 opinio,
869 2553 904 2586 in
926 2552 1054 2588 scholis
1088 2552 1238 2596 dixerat,
1272 2560 1408 2587 veteres
1433 2551 1539 2587 libros
1564 2564 1634 2587 non
1659 2561 1794 2587 nostras
1820 2552 1966 2597 offerre,
1993 2552 2055 2588 sed
2078 2563 2191 2597 meas,
2224 2552 2317 2599 quod
2342 2552 2379 2587 in

507 2612 599 2644 Lov.
631 2615 662 2645 1.
689 2609 833 2654 aliisque
865 2611 1038 2646 codicibus
1070 2612 1251 2657 reperitur.
1302 2611 1470 2645 Similiter
1501 2611 1590 2645 infra
1615 2624 1753 2657 quoque
1778 2612 1815 2645 in
1848 2611 2065 2646 adnotatione
2091 2611 2134 2645 ad
2159 2624 2234 2656 cap.
2259 2610 2319 2653 49,
2345 2613 2380 2646 7.

470 2692 481 2700 -
506 2678 626 2704 veteres
651 2679 715 2715 pro
740 2675 859 2701 veteres
892 2666 971 2702 libri
995 2670 1262 2715 positumeesse,
1288 2683 1333 2705 ex
1368 2669 1587 2705 adnotatione
1613 2670 1656 2704 ad
1682 2683 1755 2716 cap.
1783 2671 1842 2713 50,
1868 2673 1927 2706 10.
1952 2668 2170 2716 intelligitur.
2195 2688 2245 2695 —
2293 2669 2379 2704 Ibid.

505 2728 651 2773 adernit]
684 2725 873 2769 „'‹zdimit.“
922 2726 978 2758 Sic
1011 2726 1100 2760 Lov.
1127 2730 1159 2760 1.
1186 2737 1220 2762 et
1245 2729 1338 2762 Hav.
1372 2728 1509 2773 aliique.
1535 2728 1735 2762 Gronovius
1768 2728 1895 2762 ibidem
1922 2726 2067 2769 adimis,
2102 2726 2195 2772 quod
2219 2727 2255 2760 in
2282 2727 2381 2763 Cant.

504 2800 645 2835 quoque
669 2785 816 2841 legitur,
842 2784 946 2819 Livio
972 2785 1127 2819 restituit.
1153 2806 1201 2813 -—
1250 2787 1336 2821 Ibid.
1354 2788 1420 2821 nisi
1444 2786 1578 2822 adimat
1603 2788 1706 2821 etiam
1729 2785 1958 2833 Hispaniam]
1985 2785 2080 2830 „duo
2104 2787 2166 2822 ista
2191 2787 2297 2821 verba
2316 2787 2380 2822 de-
