2844 3382
2359 451 2380 483 5

730 536 731 539 Ἰ
2300 513 2319 528 N

516 555 606 581 trum
629 546 849 595 Egmondum
865 547 900 579 in
928 547 1071 581 Francia
1098 546 1278 594 degentem
1302 544 1487 589 retulisset,
1517 544 1615 592 isque
1642 545 1810 592 querenti,
1835 558 1872 580 se
1898 546 1941 580 ad
1963 546 2146 583 consilium
2170 546 2259 582 illud
2278 558 2386 582 exse-

516 604 692 652 quendum
706 604 808 640 Mstis
829 603 1027 639 destitutum
1049 617 1133 649 esse,
1158 606 1398 652 respondisset,
1416 618 1535 639 eorum
1552 616 1622 637 non
1649 616 1756 654 unpm
1785 616 1892 650 penes
1917 603 2092 639 Cuiacium
2118 619 2203 649 esse,
2229 613 2265 640 et
2284 605 2387 651 simul

514 663 717 715 hortaretur,
743 670 782 697 ut
807 674 866 698 eos
888 663 1034 699 utendos
1060 664 1249 714 accipiendi
1274 665 1485 699 occasionem
1512 677 1550 697 ac
1579 663 1720 696 modum
1747 663 2037 709 circumspiceret,
2064 665 2172 710 pridie
2197 664 2277 699 Idus
2300 664 2384 698 Ma-

515 723 564 756 ias
590 721 671 755 anni
698 723 806 756 1⁵82.
833 723 1015 769 rescripsit,
1041 736 1078 759 se
1102 725 1269 766 visurum,
1294 732 1329 758 et
1354 724 1395 758 ad
1422 737 1500 758 eum
1527 723 1746 769 scripturum.
1807 721 1930 756 Postea
1956 722 2058 755 etiam
2093 735 2210 757 mense
2242 723 2385 758 Octobri

517 779 670 812 eiusdem
693 780 774 812 anni
797 792 834 814 se
860 780 1037 826 epistolam
1072 781 1117 814 ad
1141 780 1318 814 Cuiacium
1353 782 1485 814 misisse
1519 781 1631 814 eidem
1659 779 1845 826 Egmondo
1883 768 2074 813 nunciavit.
2131 781 2222 815 Vide
2247 781 2382 828 Syllog.

515 836 661 884 Epistol.
688 838 872 881 Burmann.
898 838 1000 893 Tpm.
1026 839 1055 873 1.
1087 839 1200 885 Epist.
1235 840 1296 872 52.
1323 843 1359 871 et
1383 839 1442 872 53.
1492 837 1563 871 llla·
1582 845 1705 879 autem,
1735 850 1837 884 quam
1863 849 1901 872 se
1927 837 1974 873 ad
2000 837 2178 873 Cuiacium
2211 839 2384 886 scripsisse

481 884 484 888 ⁵
516 895 642 937 retulit,
669 895 813 941 epistola
832 896 908 928 data
934 904 985 929 est
1009 895 1069 929 ΠΙ.
1093 895 1211 929 Nonas
1238 894 1423 935 Octobres,
1448 902 1484 940 et
1507 903 1617 928 exstat
1640 896 1677 927 in
1699 895 1810 940 Lipsii
1835 895 1938 930 Ceut..
1960 896 1989 930 Ι.
2015 896 2167 931 Miscell.
2193 898 2305 943 Epist.
2325 899 2385 932 67.

516 955 552 989 in
578 967 644 1001 qua
670 954 762 988 inter
788 952 852 987 alia
878 956 1006 997 narrat,
1025 967 1060 987 se
1084 953 1193 987 nescio
1218 951 1300 1001 quid
1323 953 1360 986 in
1384 950 1485 986 Livio
1511 966 1613 999 nuper
1638 965 1807 997 exorsum,
1839 953 1929 1001 quod
1950 963 2164 1001 perrecturus
2188 962 2268 989 esset
2292 952 2385 988 dete-

514 1023 609 1055 xere,
633 1012 664 1045 si
687 1010 859 1046 auxilium
883 1010 947 1044 sibi
967 1010 1088 1058 paullo
1102 1012 1246 1059 firmius
1277 1009 1441 1044 libr-orum
1455 1023 1466 1044 .-
1501 1011 1584 1043 duos
1607 1019 1736 1057 tresque
1758 1011 1851 1056 apud
1873 1025 1997 1054 eeesse,
2022 1012 2081 1045 sed
2098 1015 2197 1059 quasi
2221 1012 2264 1045 de
2287 1025 2384 1045 com·

512 1081 615 1118 pacto
641 1072 881 1106 consentientes.
930 1071 996 1105 His
1028 1070 1139 1117 Lipsii
1170 1070 1285 1104 verbis
1321 1077 1498 1116 permotus
1523 1069 1628 1103 fuisse
1660 1068 1797 1104 videtur
1833 1068 2001 1113 Cuiacius,
2026 1078 2076 1113 ut,
2102 1084 2188 1116 quos
2223 1070 2383 1113 habebat,

513 1129 607 1164 Livii
633 1128 766 1163 codices
790 1128 901 1162 Mstos
926 1128 969 1161 ad
998 1127 1156 1182 Lip'sium
1181 1128 1342 1160 mitteret.
1392 1127 1496 1159 Forte
1530 1134 1644 1159 autem
1669 1127 1759 1159 inter
1791 1126 1872 1160 illos
1904 1127 1968 1159 fuit
1997 1127 2209 1161 Lovelianris
2241 1129 2383 1173 primus,

515 1188 557 1223 de
577 1200 644 1234 quo
671 1187 726 1234 egi
742 1185 828 1221 infra
852 1199 887 1233 p.
915 1183 999 1220 324.
1025 1184 1190 1231 cuiusque
1215 1183 1316 1219 initio
1340 1182 1549 1231 adscriptum
1575 1191 1660 1230 erat,
1690 1196 1768 1218 eum
1794 1196 1813 1218 e
1839 1182 1951 1219 Gallia
1975 1184 2012 1218 in
2037 1183 2196 1233 Belgium
2222 1197 2241 1219 a
2259 1185 2383 1220 Iacobo

515 1246 652 1280 Cuiacio
671 1245 713 1279 ad
736 1244 869 1279 Iustum
882 1242 1039 1290 Lipsium
1064 1242 1156 1277 dono
1181 1243 1321 1277 missum
1341 1254 1428 1278 esse.
1480 1242 1579 1277 Certe
1603 1243 1744 1288 Lipsius
1767 1243 1878 1277 Nonis
1905 1242 2114 1277 Octobribus
2133 1245 2213 1277 anni
2232 1256 2382 1290 sequen-

512 1305 555 1338 tis
582 1305 689 1337 1583.
715 1302 759 1335 ad
781 1301 920 1335 Petrum
946 1301 1164 1347 Egmondum
1196 1301 1341 1346 scripsit,
1372 1300 1493 1346 paullo
1519 1303 1630 1346 magis
1641 1304 1675 1343 ⁵)
1708 1300 1791 1334 duos
1816 1314 1942 1334 menses
1965 1314 2042 1342 csse,
2069 1315 2168 1348 quum
2197 1301 2246 1334 ad
2273 1304 2382 1348 ipsum

512 1360 631 1396 literas
655 1358 794 1401 dederit,
826 1358 942 1405 quibus
966 1359 1173 1404 significaret
1199 1357 1242 1391 cle
1265 1356 1397 1392 Cuiacit'
1426 1358 1534 1391 Liuiis
1559 1360 1719 1405 receptis.-
1751 1371 1805 1391 cos
1829 1371 1916 1391 sane
1935 1358 1993 1391 diu
2025 1360 2060 1391 ἑη
2086 1360 2200 1391 itinere
2225 1359 2379 1395 haesisse,

512 1428 544 1453 et
568 1417 668 1452 tarde
688 1418 764 1451 iisse
785 1431 846 1462 per
872 1415 1027 1451 caerulas
1051 1414 1135 1450 illas
1158 1417 1252 1450 vias:
1282 1418 1409 1450 venisse
1429 1426 1554 1458 tamen,
1582 1431 1625 1451 ac
1649 1432 1682 1451 se
1696 1431 1844 1463 sperare,
1871 1419 1945 1450 usui-
1958 1416 2047 1464 fore
2072 1419 2106 1450 in
2122 1418 2174 1459 ils,
2201 1432 2286 1464 quae
2309 1433 2377 1464 pa-

514 1485 573 1511 ret.
621 1475 712 1510 Vide
736 1474 868 1521 Syllog.
883 1474 1000 1508 Burm.
1027 1473 1129 1507 Tem.
1154 1473 1182 1508 I.
1199 1474 1310 1520 Epist.
1327 1472 1385 1507 54.
1419 1474 1523 1507 ninas
1540 1475 1644 1507 etiam
1667 1487 1706 1507 ea
1729 1475 1773 1507 de
1799 1487 1835 1507 re
1862 1474 1976 1507 literas
2002 1474 2045 1507 ad
2071 1474 2247 1508 Cuiacium
2274 1476 2379 1518 dedit,

513 1542 552 1570 ut
574 1533 644 1580 ipsi
665 1532 787 1580 gratias
819 1539 944 1579 ageret,
978 1543 1103 1577 easque
1134 1530 1300 1566 fasciculo
1323 1531 1365 1564 ad
1387 1532 1605 1578 Egmondum
1639 1533 1744 1565 misso
1767 1532 1966 1565 inseruerat.
2023 1531 2167 1574 Verum,
2199 1533 2380 1579 Egmondo

511 1593 650 1628 interim
674 1592 816 1626 Romam
842 1590 1008 1637 profecto,
1041 1589 1202 1637 epistolas
1224 1589 1267 1624 ad
1293 1588 1468 1624 Cuiacium
1494 1602 1563 1624 non
1589 1591 1800 1637 pervenisse,
1828 1603 1973 1637 eumque
1992 1590 2033 1625 de
2060 1590 2171 1625 Liviis
2195 1591 2306 1626 missis
2324 1592 2380 1625 ni-

512 1650 564 1685 hil
588 1648 773 1692 audivisse,
798 1655 917 1696 postea
943 1659 987 1682 ex
1007 1648 1195 1695 Bongarsio
1221 1647 1403 1681 intellexit.
1452 1648 1545 1681 Hinc
1571 1648 1738 1682 Kalendis
1769 1649 1866 1682 Iuliis
1891 1650 1971 1681 anni
2000 1650 2105 1681 1584.
2140 1650 2246 1682 tertiis
2272 1649 2380 1682 literis

513 1724 550 1744 se
577 1710 768 1748 excusavit,
793 1720 831 1740 ac
854 1708 965 1751 petiit,
991 1720 1035 1739 ne
1060 1706 1121 1739 vel
1146 1706 1294 1739 animum
1324 1704 1505 1751 ingratum,
1532 1706 1590 1740 vel
1618 1721 1755 1740 manum
1781 1709 1816 1740 in
1844 1706 1954 1740 officio
1990 1707 2211 1751 exsequendo
2238 1720 2380 1753 segnem

511 1768 614 1803 fuisse
641 1765 860 1801 existimaret.
885 1762 977 1799 Vide
999 1762 1084 1798 ibid.
1109 1762 1220 1809 Epist.
1257 1764 1342 1797 211.
1385 1762 1441 1796 Ex·
1465 1761 1526 1796 illo
1555 1770 1707 1811 tempore
1731 1763 1869 1810 Lipsius
1894 1763 2033 1797 Livium
2051 1764 2260 1810 promittere,
2281 1776 2379 1799 eum-

513 1827 659 1869 demque
684 1824 783 1857 amici
807 1824 848 1855 ab
865 1834 905 1855 eo
930 1821 1103 1867 postulare
1120 1832 1194 1853 non
1215 1821 1400 1853 desierunt.
1451 1821 1554 1854 Anno
1585 1825 1688 1855 1587.
1724 1823 1805 1854 Iano
1831 1823 1998 1855 Lemutio
2026 1824 2217 1864 nunciabat,
2242 1835 2281 1856 se
2311 1823 2375 1856 Li-

512 1884 608 1917 vium
633 1882 800 1922 dat-urum,
834 1880 871 1911 in
895 1892 959 1925 quo
985 1879 1093 1911 nimia
1122 1876 1187 1911 sihi
1211 1876 1311 1910 bona.
1359 1877 1450 1909 Vide
1477 1877 1615 1910 Centur.
1642 1878 1683 1911 II.
1711 1877 1860 1911 Miscell.
1894 1879 1960 1923 Ep.
1992 1881 2073 1911 18.·'‘
2127 1880 2244 1913 Bonus
2269 1892 2379 1926 augur

512 1938 816 1977 Drakenborchius
841 1937 916 1971 fuit.
954 1936 1006 1971 Ab
1031 1938 1158 1970 Eberto
1185 1935 1277 1969 enim
1303 1936 1475 1982 octoginta
1501 1944 1534 1969 et
1560 1936 1654 1981 quod
1678 1936 1826 1970 excurrit
1851 1937 1946 1970 annis
1972 1944 2051 1982 post
2079 1948 2123 1969 ex
2148 1936 2378 1972 bibliothecae

512 1998 837 2045 Guelpherbytanae
862 1995 988 2042 pluteis
1015 2001 1203 2041 protractae
1238 2001 1318 2027 sunt
1341 1993 1452 2039 Lipsii
1477 1994 1519 2026 ad
1542 1993 1637 2026 Livii
1670 1992 1795 2027 liBrum
1819 1995 2022 2027 vicesimum
2057 1985 2205 2040 primuin
2232 1996 2378 2029 adnota-

511 2059 636 2098 tiones,
663 2056 703 2089 iis
729 2053 933 2096 simillimae,
960 2065 1043 2099 quas
1068 2052 1156 2086 libro
1181 2052 1292 2098 primo
1318 2064 1337 2084 a
1361 2051 1480 2097 Lipsio
1507 2052 1674 2085 subiectas
1699 2053 1845 2098 primum
1871 2053 2021 2095 Modius,
2058 2053 2285 2099 deindepost
2311 2054 2377 2087 ali-

513 2129 551 2152 os
577 2112 879 2150 Drakenborchius
904 2111 1106 2160 repetendas
1131 2111 1273 2153 cua-avit,
1300 2118 1334 2144 et
1358 2110 1463 2156 frugis
1489 2111 1627 2143 minime
1654 2119 1823 2157 expertes.
1875 2110 1967 2154 Quas
1994 2124 2097 2156 quum
2126 2123 2169 2144 ex
2189 2112 2377 2156 codicibus,

513 2184 657 2220 quorum
693 2171 777 2204 alios
809 2170 948 2216 Lipsius
981 2181 1043 2204 suo
1076 2169 1144 2214 sibi
1173 2181 1250 2201 aere
1283 2177 1521 2213 comparasset,
1560 2169 1644 2201 alios
1669 2181 1687 2200 a
1714 2169 1852 2201 Cuiacio
1887 2170 2036 2202 muneris
2073 2169 2148 2200 loco
2176 2171 2377 2215 accepisset,

511 2233 634 2278 petitas
662 2242 736 2264 esse
761 2233 940 2274 appareat',
976 2240 1102 2275 operae
1131 2227 1281 2273 pretium
1323 2225 1425 2261 fuerit
1466 2227 1601 2271 docere,
1636 2239 1679 2261 ex
1713 2227 1917 2273 quibusnam
1950 2226 2163 2273 potissimum
2197 2228 2377 2264 codicibus

511 2289 579 2324 sint
603 2286 787 2321 derivatae.
838 2285 889 2318 Ac
921 2286 1069 2331 primum
1102 2284 1240 2330 quidem
1271 2283 1409 2328 Lipsius
1435 2284 1508 2329 ipse
1534 2296 1603 2316 non
1630 2284 1744 2317 solum
1767 2285 1810 2316 ad·
1835 2296 1907 2329 cap.
1942 2288 1998 2325 33,
2026 2288 2059 2315 6.
2089 2286 2251 2329 optimum
2279 2287 2377 2319 codi-

511 2361 581 2382 cem
608 2344 841 2385 Cuiacianum,
868 2350 902 2376 et
926 2343 968 2376 ad
994 2355 1068 2388 cap.
1095 2344 1153 2382 60,
1186 2344 1221 2376 7.
1248 2339 1372 2376 libr-um
1399 2343 1559 2386 optimum
1595 2340 1813 2376 Cuiacianum
1849 2343 2140 2386 commemoravit,
2177 2344 2238 2377 sed
2264 2345 2377 2388 etiam,

510 2405 545 2439 id
571 2403 664 2450 quod
694 2402 840 2436 Ebertus
875 2407 967 2434 recte
1000 2399 1176 2434 arbitratus
1202 2404 1265 2441 est,
1291 2398 1436 2431 eundem
1471 2399 1512 2432 ad
1540 2412 1612 2445 cap.
1640 2402 1698 2441 62,
1725 2399 1759 2431 4.
1787 2401 1920 2432 tertium
1954 2402 2118 2446 optimum
2152 2404 2377 2448 nuncupavit,

511 2518 544 2558 5)
585 2518 724 2560 Lipaium
749 2518 847 2558 magi-e
867 2527 926 2558 pro
942 2515 1012 2554 plus
1033 2514 1086 2546 vel·
1104 2512 1233 2553 amplius
1254 2514 1392 2554 posuisse
1413 2515 1508 2544 mirer
1528 2524 1562 2544 ac
1583 2525 1681 2556 paene
1702 2514 1856 2555 indigner.
1899 2517 1977 2545 Nam
1997 2518 2040 2546 sic
2063 2517 2188 2547 Latinos
2212 2529 2271 2547 non
2295 2519 2376 2560 loqui

550 2575 678 2598 constat.
719 2566 785 2597 Cic.
805 2568 887 2606 Epp.
903 2566 942 2594 ad
962 2567 1036 2594 Div.
1057 2566 1137 2600 Xlll,
1159 2564 1209 2593 29.
1231 2566 1285 2591 sed
1303 2575 1360 2592 non
1378 2565 1449 2601 plus
1471 2567 1585 2593 duobus
1606 2577 1644 2593 an
1663 2567 1757 2593 tribu„-
1780 2568 1940 2603 mensibus,
1963 2575 1992 2595 et
2013 2579 2069 2606 pro
2091 2568 2178 2596 Rosc.
2202 2568 2289 2598 Com.
2309 2580 2373 2608 cap.

550 2618 580 2649 3.
598 2615 740 2656 Amplius
761 2622 829 2645 sune
857 2626 912 2644 sex
933 2625 1053 2643 memes.
1075 2611 1146 2642 vid.
1168 2611 1380 2640 Ruddimannt
1400 2613 1496 2642 lustit.
1520 2611 1659 2643 Gramm.
1684 2613 1752 2642 Lat.
1773 2614 1854 2644 Puri.
1877 2614 1915 2645 11.
1938 2627 1970 2656 p.
1993 2613 2063 2645 294.
2086 2626 2133 2656 sq.
2157 2615 2264 2656 ibique
2282 2617 2373 2645 Stall-

549 2669 653 2697 bnum.
675 2666 713 2696 d'e
729 2666 794 2697 Cic.
817 2677 873 2706 pro
889 2666 980 2695 Rosc.
1002 2666 1105 2693 Amet.
1129 2674 1198 2702 cap.
1221 2661 1268 2691 14·
1290 2674 1382 2692 annon
1403 2672 1491 2692 natue
1513 2665 1610 2703 magis
1633 2666 1845 2704 quadraginta,
1870 2665 1924 2695 ubi
1943 2666 2079 2694 Klotzius
2101 2677 2155 2705 pro
2178 2669 2273 2706 magio
2294 2675 2371 2697 recte

549 2718 647 2745 maior
658 2716 804 2755 reposuit,
822 2721 852 2745 et
865 2713 989 2754 Grysui
1002 2712 1069 2744 Art.
1090 2712 1198 2743 Latine
1212 2712 1366 2743 scribendi
1379 2724 1412 2753 p.
1427 2711 1497 2744 488.
1520 2723 1588 2754 sqq.
1606 2711 1748 2743 Ceterum
1763 2713 2031 2743 Drakenborchius
2052 2724 2177 2754 quoque
2190 2717 2221 2743 in
2239 2716 2370 2744 erutione

549 2765 673 2806 obliqu-
693 2775 853 2806 perperam
873 2763 1067 2806 significabat
1085 2769 1115 2793 et
1132 2770 1224 2801 parat
1240 2774 1298 2804 pro
1318 2763 1507 2804 significaret
1527 2770 1556 2794 et
1574 2770 1660 2802 paret
1679 2764 1813 2804 ser-ipsit.
1842 2764 1928 2795 Enoc
1949 2763 2008 2794 inis
2030 2763 2180 2793 substitui.
