2844 3376
498 472 543 503 18

492 564 562 599 lam
587 572 617 597 et
641 574 685 597 ex
710 562 832 598 ultima
856 563 1020 599 vocabuli
1045 565 1280 612 praecedentis
1307 571 1340 597 et
1364 562 1474 609 prima
1499 565 1675 609 sequentis
1698 564 1797 600 liuta
1821 562 2001 600 conflatam
2024 562 2117 608 esse,
2140 571 2216 598 non
2241 570 2370 599 temere

492 621 689 669 suspiceris.
748 622 840 657 Vide
874 631 1026 658 nostram
1059 625 1169 671 Epist.
1201 623 1242 657 ad
1268 620 1377 657 orell.
1404 633 1439 667 p.
1466 620 1526 655 46.
1553 622 1614 656 ubi
1646 622 1775 659 Vellei.
1796 622 1844 667 ll,
1878 623 1938 658 84.
1963 632 2000 660 et
2020 623 2103 659 Liv.
2128 620 2286 665 XXXII,
2307 624 2370 656 20.

493 694 512 715 a
537 680 684 716 librariis
710 679 870 717 similiter
896 692 1074 729 peccatum
1099 695 1173 717 esse
1199 680 1311 715 docui.
1363 678 1442 714 Alia
1474 679 1511 713 id
1536 692 1646 727 genus
1670 681 1707 715 in
1734 681 1914 727 Adnotatt.
1940 683 1983 719 ad
2006 683 2088 719 Liv.
2114 680 2285 725 xxxlll,
2311 683 2371 715 31.

494 748 529 774 et
554 739 615 773 45.
641 739 827 786 proferam.
852 783 857 786 Π
878 741 946 774 Hic
971 749 1104 782 tamen,
1129 740 1165 773 id
1191 738 1284 784 quod
1310 750 1354 771 ex
1379 739 1539 784 sequenti
1563 739 1787 774 adnotatione
1809 739 1972 788 colligas,
1996 742 2073 783 aive
2097 739 2372 784 librarius,'⁸ive

494 798 697 845 Pyndenius
721 799 767 833 ita
792 811 855 845 per
880 810 1028 832 errorem
1053 796 1170 845 lapsus
1196 809 1270 832 esse
1296 796 1455 840 videtur,
1481 804 1520 832 ut
1544 792 1731 846 multosque
1754 806 1785 832 et
1810 797 1911 834 narba
1934 810 1999 846 pro
2025 798 2213 848 multosque
2234 812 2252 834 e
2275 797 2374 834 turha

495 865 653 905 poneret.
687 877 737 885 -—
787 857 897 890 *Ibid.
932 856 1065 902 deiecit]
1100 856 1182 899 „alii
1215 855 1438 890 deiecerunt.“
1488 856 1580 891 Vide
1611 857 1733 904 igitur,
1768 870 1811 892 ne
1842 856 2004 900 dedecet-s,
2039 858 2076 892 id
2101 866 2154 892 est
2177 858 2372 899 deiecerunt,

496 916 617 950 abierit
650 917 686 949 in
720 914 854 957 deiecit,
889 914 983 960 quod
1008 914 1114 948 ceteri
1139 914 1276 949 codices
1310 914 1352 948 ad
1379 926 1488 948 unum
1513 926 1633 950 omnes
1658 923 1818 950 servant..
1857 916 1978 962 Equos
2003 916 2096 951 enim
2127 923 2373 958 consternatos,

495 989 601 1020 quum
627 974 829 1020 praecipites
856 973 1091 1020 deruptaeque
1116 974 1290 1019 utrimque
1315 974 1491 1020 angustiae
1516 982 1651 1016 essent,
1677 974 1804 1009 multos
1830 987 1850 1008 e
1873 976 1974 1009 turba
1998 976 2036 1010 in
2060 976 2267 1009 immensum
2293 974 2372 1008 alti-

494 1033 621 1067 tudinis
648 1031 834 1075 deiecisse,
868 1045 929 1066 cur
954 1045 1098 1080 negem,
1131 1045 1202 1066 non
1229 1033 1375 1080 reperio.
1403 1051 1449 1058 —
1502 1034 1560 1065 11.
1586 1033 1796 1078 captivorum
1818 1032 2009 1080 pecoribus]
2041 1032 2125 1077 „lib.
2150 1045 2282 1068 manus.
2308 1045 2372 1067 ca-

491 1093 582 1135 ptivo
609 1103 652 1122 ac
674 1090 888 1135 pecoribus.“
940 1091 998 1123 Sic
1022 1091 1113 1123 Lov.
1143 1094 1177 1123 1.
1206 1099 1240 1123 et
1264 1092 1359 1124 Hav.
1408 1090 1495 1123 Nam
1520 1090 1556 1121 in
1582 1089 1859 1122 Drakenborchii
1883 1090 2104 1124 adnotatione
2122 1099 2153 1123 et
2168 1091 2308 1137 captivis
2330 1102 2373 1123 ac

492 1148 782 1196 pecoribus-Low
809 1153 844 1186 2.
870 1161 933 1197 pro
959 1148 1046 1185 Lov.
1075 1153 1108 1185 1.
1135 1149 1354 1186 scribendum
1378 1148 1526 1184 videtur.
1576 1147 1751 1197 Vulgato,
1787 1148 1882 1196 quod
1905 1147 2210 1195 vallae—debetur,
2235 1152 2273 1187 in
2297 1164 2372 1187 ma-

495 1209 569 1241 iore
594 1209 690 1242 Livii
715 1209 865 1242 editione
890 1208 1152 1241 Lallemandum
1178 1216 1212 1241 et
1236 1208 1427 1240 Strothium
1452 1214 1590 1240 secutus
1624 1219 1669 1240 ex
1703 1207 1826 1251 Polyb.
1861 1207 1922 1249 llI,
1958 1209 2017 1241 51.
2051 1209 2310 1242 substitueram:
2342 1218 2373 1240 et

496 1267 630 1313 captivo
643 1265 827 1314 fmmento
854 1279 897 1301 ac
920 1265 1112 1313 pecoribus,
1136 1265 1230 1312 quod
1254 1264 1434 1301 Bekkerus
1459 1264 1621 1309 retinuit3
1654 1264 1690 1299 in
1717 1265 1850 1301 minore
1875 1272 1990 1301 autem
2015 1265 2371 1314 Baumgarten-Cru-

493 1325 546 1357 aio
570 1326 754 1358 obsecutus
775 1336 820 1357 ex
838 1325 1051 1370 Heusingeri
1072 1325 1269 1357 coniectura
1287 1324 1448 1369 reposui:
1474 1331 1503 1355 et
1530 1324 1663 1369 captivo
1690 1323 1763 1357 cibo
1790 1336 1834 1357 ac
1855 1323 2049 1370 pecoribus,
2073 1325 2168 1369 quod
2192 1323 2245 1357 illi
2269 1336 2372 1370 prae-

492 1389 582 1419 stare
618 1382 774 1418 arbitror.
824 1382 940 1429 Atque
974 1383 1042 1417 iam
1075 1390 1153 1417 ante
1187 1382 1466 1430 Heusinger-um,
1499 1381 1536 1416 id
1568 1382 1663 1428 quod
1687 1390 1805 1430 postea
1836 1381 2014 1426 intellexi,
2048 1383 2195 1419 Vossius
2220 1392 2250 1416 et
2271 1391 2372 1429 capto

493 1440 569 1475 cibo
594 1454 639 1474 ac
661 1441 835 1487 pecoribus
861 1442 1081 1476 scribendum
1106 1443 1257 1484 censuit,
1285 1449 1319 1474 et
1342 1440 1568 1474 Lallemando
1595 1441 1722 1487 pariter
1747 1454 1784 1475 ac
1809 1441 1983 1484 struthio,
2009 1441 2046 1475 id
2071 1442 2165 1487 quod
2190 1454 2282 1475 nunc
2307 1441 2371 1474 de-

495 1511 592 1534 mum
627 1499 720 1543 vidi,
754 1500 970 1534 coniecturae
1004 1498 1141 1535 laudern
1174 1499 1363 1547 praeripuit
1387 1498 1589 1543 Mai-tinius,
1625 1499 1704 1546 qui,
1738 1499 1924 1548 praemissa
1947 1499 2118 1536 Gronovii
2142 1499 2372 1543 adnotatione,

496 1558 542 1592 de
574 1558 642 1592 hoc
673 1558 753 1592 loco
778 1559 825 1593 ita
850 1567 1120 1593 commentatur:
1162 1559 1278 1601 „Mihi
1303 1558 1441 1603 quidem
1467 1558 1614 1592 Liviana
1638 1560 1744 1593 verba
1769 1572 1848 1593 cum
1872 1559 2070 1603 Polybianis
2095 1558 2204 1593 semel
2227 1560 2372 1593 iterum-

496 1627 565 1663 que
598 1617 812 1664 comparanti
846 1616 930 1652 haec
965 1616 1109 1662 demum*
1137 1615 1311 1652 lenissima
1347 1623 1381 1651 et
1414 1615 1688 1652 commodissima
1721 1617 1796 1653 visa
1830 1624 1882 1653 est
1914 1615 1983 1652 loci
2006 1616 2182 1653 reficiendi
2205 1616 2311 1661 ratio,
2342 1615 2372 1651 si

494 1674 725 1719 Polybianum
751 1672 878 1718 σίτος,
900 1674 1140 1722 frumentum,
1165 1675 1366 1709 redderetur
1390 1675 1495 1709 Livio
1521 1676 1814 1722 scribereturque:
1852 1674 2035 1710 Ccmellum
2059 1675 2155 1718 inde,
2187 1674 2278 1722 quod
2306 1687 2370 1708 ca-

494 1740 556 1779 put
577 1734 644 1767 eius
664 1734 812 1779 regionis
836 1742 929 1776 erat,
954 1730 1144 1780 viculosque
1169 1733 1396 1767 circumiectos
1420 1734 1530 1779 capit,
1556 1741 1586 1766 et
1612 1734 1745 1780 captivo
1762 1732 1941 1781 frumento
1960 1745 2005 1768 ac
2025 1732 2199 1780 pecoribus
2221 1745 2283 1779 per
2306 1733 2371 1766 tri-

496 1790 601 1824 duum
626 1793 814 1826 exercitum
847 1790 945 1825 aluit.
1004 1792 1161 1836 Namque
1195 1790 1360 1835 Polybius
1385 1803 1457 1824 rem
1482 1792 1529 1824 ita
1553 1791 1675 1825 tradit:
1721 1788 1776 1833 εἷς
1801 1789 1845 1827 δὲ
1868 1788 1913 1827 τὸ
1937 1789 2080 1837 μέλλον
2102 1787 2188 1836 ἔσχε
2212 1789 2283 1837 μὲν
2307 1788 2373 1825 καὶ

494 1845 606 1884 σίτου
632 1847 698 1884 καὶ
722 1845 961 1898 θρεμμάτων
996 1846 1066 1884 ἐπὶ
1089 1847 1196 1883 δυοῖν
1221 1846 1287 1883 καὶ
1311 1846 1434 1897 τρισὶν
1459 1843 1622 1898 ἡμέραις
1656 1844 1858 1898 εὐπορίαν·
1890 1849 2015 1895 quibus
2047 1849 2165 1884 verbis'
2197 1857 2371 1883 auctorem

491 1906 662 1941 Graecum
694 1904 802 1943 σίτον
836 1915 871 1941 et
904 1904 1137 1956 θρέμματα,
1166 1905 1386 1954 frumentum
1419 1920 1458 1941 ac
1491 1920 1638 1953 pecora,
1680 1907 1906 1953 coniunxisse
1936 1906 2039 1954 plane
2063 1907 2175 1942 vides.
2225 1908 2328 1942 Unde
2352 1919 2372 1939 a

490 1964 595 1998 Livio
629 1977 709 1998 eum
741 1973 860 2000 secuto
895 1972 1079 2011 utrumque
1111 1964 1322 1999 vocabulum
1355 1965 1475 1999 itidem
1509 1965 1702 1999 adhibitum
1726 1964 1832 1998 fuisse
1857 1964 2014 1998 arbitror.
2062 1964 2150 2000 Loci
2173 1964 2372 2010 depravatio

490 2024 635 2072 posthac
671 2032 750 2059 nata
779 2024 920 2059 videtur
945 2024 1012 2058 hoc
1037 2023 1109 2057 fere
1134 2023 1251 2057 modo.
1300 2023 1449 2056 Librarii
1483 2035 1593 2068 aeque
1617 2021 1721 2056 rudes
1747 2022 1998 2066 mummii,
2032 2023 2093 2069 qui
2116 2019 2161 2059 τὸ
2175 2023 2233 2066 ¹²)
2258 2024 2373 2069 capti»

489 2097 548 2117 vus
580 2093 831 2130 saepenumero
864 2082 1028 2115 adiectivi
1058 2080 1137 2114 loco
1171 2080 1325 2114 adhiberi
1359 2081 1585 2127 ignorabant,
1606 2073 1610 2077 ’
1628 2080 1666 2113 id
1697 2091 1783 2114 vero
1817 2079 1861 2113 de
1894 2079 2093 2116 hominibus
2126 2080 2221 2116 bello
2254 2082 2372 2128 captis,

489 2143 648 2187 adeoque
680 2140 896 2176 substantive
930 2139 1086 2186 usurpari
1119 2138 1395 2184 frequentissime
1428 2145 1619 2181 noverant,
1657 2138 1790 2185 captivo
1813 2136 1997 2186 flumenin
2031 2152 2152 2187 reapse
2186 2140 2256 2175 duo
2288 2141 2371 2176 sub-

491 2201 639 2235 stantiva
672 2200 847 2233 rebantur.
900 2198 999 2241 Quae
1032 2197 1155 2231 eodem
1189 2209 1270 2231 casu
1300 2204 1400 2231 sexto
1424 2197 1499 2231 sine
1525 2196 1649 2242 copula
1674 2197 1786 2243 posita
1809 2197 1974 2242 quoniam
1994 2197 2083 2232 ferre
2107 2210 2178 2233 non
2202 2206 2372 2244 poterant,

492 2255 536 2293 τὸ
557 2256 741 2306 frumento
776 2255 950 2290 abundare
974 2255 1059 2302 ipsis
1084 2254 1200 2289 visum
1223 2253 1411 2297 induxere,
1450 2261 1484 2288 et
1508 2253 1603 2300 quod
1627 2254 1663 2287 in
1688 2253 1784 2290 libris
1809 2261 1940 2299 exstat,
1973 2256 2107 2303 captivo
2131 2268 2175 2291 ac
2197 2254 2372 2303 pecoribus

491 2319 678 2352 finxerunt.
732 2315 836 2360 Quod
869 2314 954 2360 quid
988 2314 1055 2349 sibi
1087 2312 1195 2356 velit,
1230 2326 1337 2358 quum
1371 2312 1472 2347 Valla
1503 2313 1623 2347 itidem
1655 2325 1727 2347 non
1761 2312 1990 2361 intelligeret,
2024 2322 2060 2349 et
2085 2327 2151 2361 qua
2176 2327 2277 2350 usum
2302 2315 2372 2350 τοῦ

494 2377 641 2420 captivus
677 2375 713 2409 in
739 2374 860 2408 eadem
883 2372 971 2406 forte
996 2371 1131 2406 haeresi
1156 2378 1265 2413 esset,
1299 2370 1392 2417 quod
1416 2372 1608 2417 reperiebat
1633 2373 1766 2418 captivo
1792 2384 1836 2405 ac
1859 2372 1897 2405 in
1911 2373 2133 2419 ,captivorum
2158 2372 2371 2415 mutandum,

496 2440 533 2465 ut
562 2432 702 2465 alterum
733 2444 778 2465 ex
805 2430 912 2464 altero
938 2429 1126 2476 penderet,
1160 2437 1292 2463 temere
1327 2428 1482 2463 credidit.
1542 2428 1662 2475 Itaque
1698 2428 1803 2463 lectio
1836 2429 1941 2473 falsa,
1979 2443 2068 2476 quae
2102 2431 2270 2465 editiones
2300 2430 2373 2465 fere

497 2501 618 2523 omnes
643 2489 793 2532 obsedit,
819 2501 880 2535 per
895 2500 1045 2523 errorem
1061 2494 1150 2522 nata.
1202 2486 1330 2529 Contra
1356 2486 1386 2522 si
1411 2486 1607 2535 scripseris,
1634 2494 1665 2521 et
1689 2487 1823 2534 captivo
1837 2486 2023 2536 frum
2047 2501 2092 2525 ac
2114 2487 2290 2536 pecoribus
2312 2502 2372 2535 per

496 2593 548 2631 12)
589 2594 683 2623 Recte
706 2591 835 2623 Godofr.
859 2593 1050 2623 normannu-
1067 2592 1106 2624 de
1121 2592 1308 2635 pet-ridiculo
1330 2592 1439 2624 Graeci
1454 2592 1574 2624 articuli
1594 2603 1662 2632 unu,
1678 2605 1741 2635 quo
1761 2593 1964 2635 Doeringium
1978 2604 2113 2636 quoque,
2134 2600 2168 2624 ut
2188 2594 2264 2634 alios
2284 2601 2371 2626 tace·

534 2655 595 2681 am,
618 2644 753 2672 maxime
781 2641 923 2671 delectari
951 2650 1081 2681 constat,
1103 2643 1142 2672 ad
1163 2644 1291 2673 Homeri
1318 2644 1434 2683 Hymn.
1456 2644 1489 2672 in
1517 2642 1620 2673 Cei-er.
1647 2643 1714 2674 123.
1737 2655 1770 2684 p.
1793 2644 1862 2674 121.
1892 2642 2097 2684 „optandum
2125 2650 2180 2680 eet,
2202 2645 2312 2684 inquit,
2336 2652 2369 2673 ut

531 2692 658 2721 tandem
679 2691 821 2720 desinant
849 2689 995 2730 philologi
1022 2691 1139 2720 Graeco
1161 2691 1288 2720 articulo
1317 2692 1381 2729 uti,
1411 2702 1507 2732 quum
1527 2691 1638 2720 Latine
1665 2691 1819 2721 scribunt:
1850 2692 1934 2732 quod
1964 2691 2041 2721 adeo
2071 2698 2115 2720 eet
2142 2690 2314 2731 barbarum,
2337 2700 2369 2721 ut

532 2741 613 2773 nihil
634 2751 730 2783 aeque
758 2739 923 2770 barbarum
950 2739 1033 2781 apud
1059 2739 1153 2771 medii
1174 2741 1243 2772 aevi
1272 2742 1436 2782 scriptores
1465 2742 1598 2773 inveniri
1617 2742 1728 2783 pouit,
1756 2741 1950 2780 nuberent,
1983 2742 2008 2772 »i
2030 2741 2097 2783 quin
2119 2740 2299 2773 Germanico
2320 2741 2372 2775 vel

529 2791 662 2831 Anglico
683 2790 734 2821 vel
759 2790 877 2820 Gallico
900 2789 1027 2818 articulo
1055 2791 1099 2819 uie
1120 2790 1294 2819 adhibendo
1315 2788 1470 2820 luderet-‘⁸
