2844 3382
2284 484 2331 519 25

460 578 566 616 hogu-
577 578 726 621 omisso-7
744 573 1027 623 recepitsquam
1052 585 1111 620 ne,
1136 585 1193 610 vos
1217 587 1315 624 quum
1337 574 1584 623 pugnaveritis,
1621 585 1684 622 pro
1711 584 1779 621 quo
1804 574 2005 630 Martinips,
2039 589 2142 624 quem
2166 577 2330 615 Draken-

460 639 599 673 borehiif
619 636 870 669 editione-non*
894 644 997 667 vusum
1023 645 1104 667 esse·
1128 634 1296 676 vidimus,
1329 635 1388 668 vel
1413 642 1549 668 auctore
1582 634 1649 667 Iac.
1676 634 1857 668 Gronovio
1884 647 1932 667 ex
1965 636 2055 669 Gud.
2080 650 2137 677 ne,
2172 652 2230 672 vos
2256 652 2332 672 cum

458 693 714 745 pugnaveritis,
722 689 783 727 vel
808 702 853 727 ex
879 690 1072 727 coniectura
1097 705 1136 727 ne
1158 706 1299 742 quocum
1324 705 1381 729 cos
1404 691 1648 742 pugnaveritis,
1688 689 1815 728 vocula
1839 704 1943 741 quam
1971 693 2106 737 omissa,
2132 695 2243 732 minus
2272 709 2330 733 re-

462 763 516 789 cte
541 752 770 797 repositurus
763 760 857 785 erat.
1687 746 1839 846 ,κ

481 834 484 836 »
561 808 643 856 Cap.
670 808 765 852 XLI,
792 808 826 843 4.
852 822 953 857 neque
986 822 1150 857 regressus
1181 809 1229 843 ad
1254 822 1353 843 naves
1386 810 1476 855 erat]
1512 822 1636 856 „neque
1670 816 1705 844 et
1837 809 1994 846 delenda
2029 818 2120 846 sunt
2125 812 2147 829 ‘⁴
2179 811 2271 847 Lov.
2301 816 2331 847 1.

464 880 524 902 nec
549 880 712 913 regressus
739 867 787 901 acl
810 870 926 901 narses
933 877 1028 911 erat,·
1055 869 1148 901 Hav.
1173 880 1276 913 neque
1289 867 1463 911 ‘regressus
1488 867 1536 899 acl
1561 880 1671 908 nares,
1698 869 1823 903 omisso
1840 879 1925 904 erat.
1977 870 2117 916 Lipsius
2143 870 2333 917 sigonium,

464 926 520 961 cui
542 925 752 960 Gronovius
779 924 923 970 quoque
943 932 978 958 et
1010 923 1315 958 Drakenborchius
1340 931 1574 967 accesserunt,
1610 932 1744 960 secutus
1766 938 1839 961 esse
1864 928 2011 962 videtur.
2062 929 2110 962 Et
2135 936 2228 962 recte
2255 930 2334 974 qui-

464 984 553 1018 dem.
603 982 718 1017 Facile
746 982 837 1016 enim
863 994 1015 1016 caremus
1041 982 1235 1016 coniectura
1259 981 1549 1024 Drakenborchii‚
1576 983 1651 1027 qui:
1684 983 1782 1026 „An‚
1808 984 1936 1030 inquit,
1962 985 2147 1032 legendum
2175 988 2334 1032 proxime

463 1041 505 1075 ad
532 1040 689 1075 codicum
714 1039 898 1074 lectionem
923 1048 1023 1086 atque
1055 1053 1220 1085 regressus
1245 1038 1294 1074 ad
1325 1052 1424 1073 naves
1449 1037 1552 1074 erat?
1590 1039 1640 1073 Ita
1674 1053 1836 1085 regressus
1867 1043 1951 1076 infra
1984 1051 2034 1077 est
2059 1044 2269 1086 XXXVIII,
2297 1045 2331 1087 4,

466 1104 524 1135 10.
557 1111 597 1131 ne
628 1111 697 1145 qua
728 1099 882 1131 sentirent
915 1096 1089 1140 Romani,
1122 1106 1154 1131 et
1179 1111 1343 1143 regressus
1373 1096 1451 1130 inde
1475 1098 1511 1130 in
1545 1105 1649 1131 tutum
1679 1111 1745 1131 non
1777 1100 1897 1133 esset.“
1948 1100 2001 1132 De
2028 1112 2096 1144 quo
2128 1100 2205 1135 loco
2238 1103 2331 1143 vide,

455 1149 552 1202 ¹quae
578 1164 694 1190 contra
721 1157 947 1203 Doeringium
974 1157 1009 1189 in
1035 1157 1149 1189 Vann.
1176 1158 1249 1190 crit.
1276 1170 1310 1201 p.
1339 1158 1397 1189 61.
1430 1156 1561 1189 monui.
1587 1174 1637 1181 —-
1687 1161 1720 1191 5.
1747 1155 1825 1190 huic
1850 1156 1997 1190 timendo
2033 1157 2136 1204 hosti]
2164 1159 2333 1200 „delenda

464 1214 527 1249 ista
552 1215 656 1249 verba
681 1212 758 1248 huic
782 1212 928 1247 timendo
953 1212 1075 1261 hosti.“
1126 1213 1323 1258 Quo-iure,
1351 1225 1456 1259 quum
1483 1224 1605 1248 omnes
1628 1213 1763 1248 codices
1782 1214 1828 1247 ita
1847 1222 2006 1259 servent,
2034 1223 2072 1250 ut
2088 1216 2122 1249 in
2144 1216 2225 1251 solis
2241 1216 2333 1251 Flor.

465 1272 561 1308 Cant.
590 1281 623 1306 et
647 1274 734 1308 Exc.
761 1272 895 1306 Pithoei
927 1271 1003 1306 huic
1038 1271 1184 1306 timendo
1215 1271 1301 1306 hosti
1336 1272 1447 1306 obvius
1462 1270 1529 1320 ,βά
1553 1272 1705 1320 legatur,
1740 1284 1810 1306 non
1833 1273 1950 1308 video.
1975 1294 2023 1300 —
2075 1281 2108 1311 6.
2136 1275 2225 1309 alios
2251 1286 2335 1310 certe

465 1331 608 1379 repente]
636 1330 845 1374 „delendum
871 1333 991 1365 certe.“
1041 1331 1119 1365 Hoc
1140 1330 1346 1365 vocabulum
1361 1331 1397 1365 in
1416 1331 1589 1365 codicibus
1614 1331 1788 1378 plerisque
1814 1332 1971 1367 omnibus
1997 1334 2177 1380 reperitur.
2231 1336 2331 1378 „Ve-

464 1402 541 1423 rum
566 1389 669 1423 lectio
695 1388 772 1431 illa,
804 1389 916 1433 inquit
941 1389 1260 1431 Drakenborehius,
1293 1398 1370 1422 nata
1396 1397 1447 1423 est
1474 1401 1517 1424 ex
1544 1390 1673 1435 duplici
1697 1390 1846 1423 lectione
1872 1391 1987 1424 iuncta
2013 1390 2102 1425 alios
2128 1403 2212 1426 certe
2239 1393 2330 1426 Car-

464 1446 695 1492 thaginienses,
720 1455 759 1480 ut
782 1435 929 1492 praefert
951 1446 1043 1481 Hav.
1069 1454 1104 1481 et
1129 1445 1217 1480 alios
1242 1438 1370 1493 repente
1396 1445 1704 1492 Carthaginienses,
1734 1455 1773 1481 ut
1799 1455 1850 1482 est
1874 1449 1909 1481 in
1936 1448 2027 1482 Flor.
2056 1457 2090 1483 et
2115 1450 2211 1484 Cant.
2239 1452 2331 1496 quod

465 1506 565 1540 etiarn
590 1505 694 1540 Livio
721 1504 889 1540 restitui.“
908 1525 956 1531 —
1006 1507 1040 1539 8.
1065 1504 1263 1552 pacemque]
1290 1505 1382 1549 „duo
1408 1504 1469 1540 lib.
1489 1517 1619 1540 manue.
1646 1505 1772 1539 habent
1796 1514 2002 1554 patremque,
2029 1506 2113 1541 alter
2137 1517 2331 1554 parentem-

464 1567 563 1609 que.“
613 1563 829 1607 Pyndenius‚
856 1564 892 1596 id
918 1564 1011 1608 quod
1035 1564 1181 1596 Ebertus
1208 1564 1368 1596 adnotare
1394 1564 1604 1609 supersedit,
1632 1576 1744 1596 errore
1771 1563 1885 1608 lapsus
1911 1571 2063 1610 p1·atr·‹'-q,·
2091 1577 2152 1610 pro
2177 1576 2332 1611 patrem-

463 1634 526 1669 que
550 1622 675 1668 posuit.
727 1620 844 1665 Quum
868 1620 958 1655 Lov.
983 1624 1014 1655 1.
1034 1629 1068 1655 et
1085 1621 1179 1655 Hav.
1208 1634 1286 1655 cum
1312 1620 1468 1668 plurimis
1494 1622 1640 1656 offerant
1662 1629 1866 1668 patremque,
1896 1622 1987 1667 quod
2014 1622 2209 1657 Gronovius
2227 1637 2332 1659 revo-

465 1681 574 1723 cavit,
600 1678 771 1714 vocabulo
798 1678 886 1712 alter
910 1681 1029 1714 tertius
1060 1680 1241 1727 s'gnificari
1265 1680 1403 1714 videtur
1427 1681 1557 1724 codex,
1593 1681 1651 1726 qui
1678 1692 1754 1713 cum
1780 1681 1896 1726 paucis
1920 1690 2156 1729 parentemque
2182 1683 2332 1717 offerret.

463 1758 513 1764 —
566 1742 622 1774 11.
647 1740 678 1771 si
700 1736 930 1783 voluissemus]
956 1737 1150 1779 „delendae
1175 1739 1258 1773 istae
1284 1750 1388 1773 voces
1413 1741 1443 1772 si
1466 1738 1716 1773 wluissemus.“
1767 1739 1863 1773 Haec
1889 1740 2014 1782 verba,
2041 1753 2146 1786 quum
2173 1742 2207 1774 in
2235 1741 2331 1775 nullo

465 1796 583 1830 codice
609 1796 901 1841 comparuissent,
926 1794 1122 1829 Crevierius
1149 1803 1183 1829 et
1208 1795 1512 1830 Drakenborchius
1538 1805 1630 1830 recte
1655 1797 1878 1830 induxerunt.

562 1853 646 1901 Cap.
673 1854 787 1897 XLII,
815 1858 850 1889 2.
877 1852 1026 1899 eligeret]
1054 1852 1134 1897 „alii
1159 1851 1316 1899 legeret.“
1365 1855 1511 1889 Ebertus
1544 1855 1631 1888 hanc
1658 1854 1910 1888 adnotationem
1936 1857 2172 1901 praetermisit.
2225 1857 2329 1900 Quod

464 1914 603 1961 Lipsius
627 1912 719 1945 haud
745 1912 847 1945 dubie
865 1924 908 1945 ex
927 1912 1017 1945 Lov.
1041 1917 1073 1946 1.
1092 1920 1125 1945 et
1146 1913 1237 1945 Hav.
1264 1911 1423 1957 protulit,
1449 1914 1516 1946 iam
1542 1912 1739 1946 Gronovius
1766 1911 1862 1945 alteri
1888 1921 1979 1945 recte
2007 1915 2190 1947 substituit.
2241 1915 2329 1948 Nam

463 1973 501 2006 in
527 1971 701 2005 codicibus
727 1969 898 2015 plerisque
925 1970 1081 2002 omnibus
1115 1970 1292 2014 reperitur.
1318 1990 1367 1996 —
1416 1976 1449 2005 3.
1477 1970 1668 2015 exciderat]
1703 1971 1896 2012 „exim-(115⁴
1947 1967 2016 2004 ram
2041 1971 2141 2005 Valla
2167 1974 2215 2006 sic
2241 1976 2329 2007 scri-

465 2029 615 2065 bendum
642 2040 716 2063 esse
742 2027 886 2062 censuit.
935 2026 1057 2073 Neque
1081 2026 1489 2062 Latinae2consuetudini
1513 2035 1692 2076 repugnat.
1727 2027 1808 2061 vid.
1834 2027 1912 2061 Liv.
1929 2028 2064 2071 XXIV,
2092 2035 2125 2066 8.
2153 2038 2185 2064 et
2211 2031 2326 2075 XLV,

466 2092 526 2123 15.
553 2089 673 2122 Horat.
708 2087 819 2121 Carm.
847 2087 890 2128 II,
918 2091 952 2128 3,
978 2089 1039 2120 27.
1068 2095 1115 2119 et.
1134 2086 1205 2119 Cic.
1240 2087 1332 2131 Epp.
1358 2087 1401 2119 ad
1426 2087 1498 2121 Att.
1524 2087 1550 2129 I,
1590 2092 1646 2122 19.
1692 2088 1760 2129 „Et
1785 2087 1840 2129 ita,
1874 2088 1984 2132 inquit
2016 2089 2327 2132 Drakenborchius‚

464 2146 636 2181 interdum
662 2145 812 2179 variatur
836 2145 873 2177 in
899 2144 1043 2190 scriptis.
1093 2144 1175 2178 Vid.
1202 2144 1245 2177 ad
1270 2144 1405 2185 XXIII,
1432 2149 1467 2188 3,
1493 2148 1529 2179 7.
1572 2145 1620 2179 At
1642 2145 1698 2178 hie
1724 2143 1811 2177 nihil
1837 2146 2033 2179 mutandum
2050 2155 2144 2192 puto.
2197 2147 2329 2183 Omnes

466 2203 703 2249 enim,scripti
728 2210 818 2236 stant
842 2215 905 2249 pro
923 2202 1076 2249 vulgato.
1127 2203 1173 2236 Et
1190 2203 1236 2236 ita
1252 2202 1339 2236 infra
1364 2202 1482 2246 XXII,
1501 2209 1532 2247 1,
1557 2209 1613 2239 1¹.
1641 2210 1820 2238 sor-tessua
1837 2213 1950 2250 sponte
1975 2213 2173 2249 attenuatas,
2201 2220 2328 2240 unam-

464 2276 525 2311 que
558 2260 741 2304 excidisse,
775 2261 825 2293 ita
862 2261 1049 2306 scriptam:
1089 2259 1237 2295 Mavors
1268 2258 1371 2294 telum
1403 2275 1497 2295 suum
1531 2264 1713 2296 concutit.“
1770 2263 1826 2296 Sic
1861 2263 2008 2297 Graecos
2042 2276 2178 2310 quoque
2217 2262 2330 2300 ἕκῑτί-
2371 2275 2377 2277 “

466 2332 575 2357 πτειν
597 2320 721 2361 dicere,
746 2324 879 2363 praeter
904 2317 1124 2352 Gebhardum
1150 2327 1184 2352 et
1198 2319 1413 2354 Gronovium
1438 2322 1572 2353 monuit
1595 2320 1797 2354 Schaeferus
1823 2320 1864 2352 ad
1890 2321 2038 2354 Ernestii
2065 2321 2178 2355 Gloss.
2205 2323 2283 2357 Liv.
2301 2336 2329 2358 s.

465 2391 501 2414 v.
526 2376 693 2415 excidere.

563 2436 647 2481 Cap.
673 2434 801 2476 XLIII,
837 2435 869 2468 5.
902 2432 975 2467 Hic
1003 2423 1104 2467 vobis‘
1126 2435 1339 2481 vincendum]
1364 2436 1482 2477 „vobis
1515 2436 1738 2470 delendum.“
1789 2437 1988 2471 Gronovius
2021 2447 2113 2471 recte
2149 2441 2330 2484 expunxit.

465 2513 515 2521 -
548 2493 567 2512 ¹
582 2492 668 2527 Ibid.
693 2492 740 2539 et]
774 2494 876 2535 „at.“
924 2490 1088 2526 Similiter
1110 2491 1248 2540 Lipsius
1273 2492 1399 2527 Vellei.
1425 2493 1469 2537 H,
1497 2496 1554 2528 69.
1581 2502 1611 2527 et
1635 2494 1669 2527 in
1693 2502 1730 2527 at
1748 2495 1903 2528 mutavit.
1955 2496 2001 2528 Et
2023 2494 2136 2529 solent
2162 2496 2226 2530 hae
2251 2510 2331 2544 par-

464 2552 626 2588 ticulaea
645 2551 789 2586 librariis
815 2550 989 2585 confundi.
1038 2551 1119 2585 Vid.
1153 2552 1283 2586 Handii
1316 2552 1504 2587 Tursellin.
1538 2553 1620 2587 Vol.
1646 2554 1672 2587 1.
1698 2567 1735 2600 p.
1761 2555 1847 2590 451.
1876 2563 1910 2588 et
1934 2554 1979 2588 ΙΙ.
2007 2568 2041 2600 p.
2070 2557 2152 2589 539.
2202 2557 2327 2601 Neque

464 2621 600 2657 tamen,
626 2612 744 2647 invitis
770 2610 961 2651 codicibus,
988 2622 1007 2643 a
1030 2609 1173 2659 vulgato
1199 2610 1425 2647 discesserim.
1451 2631 1500 2638 -
1550 2616 1583 2648 9.
1611 2613 1860 2661 operaepretia]
1895 2610 1988 2658 ,‘,du0
2016 2622 2095 2648 sunt
2120 2615 2223 2648 verba
2251 2629 2328 2660 ‹vpe-

466 2685 527 2705 rae
548 2673 697 2718 pretia.“
747 2670 846 2704 Hanc
871 2669 1124 2703 adnotationem
1154 2670 1300 2705 Ebertus
1326 2670 1483 2705 consulto
1508 2672 1661 2705 omisisse
1687 2672 1837 2706 videtur.
1888 2673 2059 2706 vocabuli
2087 2676 2325 2719 manupretium

466 2730 542 2765 sive
570 2731 819 2777 manipretium,
845 2729 981 2775 dequo
1014 2728 1274 2764 Drakenborch.
1301 2729 1343 2763 ad
1367 2729 1448 2765 Liv.
1474 2730 1650 2773 XXXIV,
1677 2734 1713 2773 7,
1735 2731 1769 2765 4.
1797 2732 1950 2766 conferas
1978 2731 2094 2773 velim,
2121 2732 2251 2765 diversa
2276 2738 2323 2763 est

466 2787 563 2821 ratio.
598 2805 645 2813 -
709 2793 767 2826 11.
799 2787 1087 2833 existimaveritis]
1130 2786 1212 2831 „alii
1245 2788 1500 2823 existimastis.“
1557 2790 1635 2823 Hoc
1671 2790 1803 2824 admitti
1835 2791 1965 2834 nequit.
2021 2790 2119 2822 Vide·
2141 2790 2248 2833 igitur,
2282 2799 2324 2819 ne

1845 2840 1873 2882 4

2777 797 2799 924 κύνΣΛι-ικ,
2762 757 2773 763 Ι

2782 216 2796 304 *Sa——
2792 115 2798 124 ,

2808 274 2816 280 2
2810 263 2819 270 ⁴

2830 171 2837 174 ι

2807 623 2822 832 -.,›—>2‚...-n.7aea-·
2810 590 2812 594 ν

2795 1167 2800 1176 ·
2794 1071 2819 1147 ,fr
2796 1032 2814 1054 ι.
2808 1009 2812 1017 ,

2797 1251 2825 1266 .·
2795 1143 2819 1237 πῶς,

2772 1781 2785 1787 1
2779 1566 2781 1568 ,

2785 1677 2817 1873 area-'unar-
2786 1628 2788 1630 ‘
2805 1580 2809 1584 ·

2803 2166 2805 2168 .
2800 2061 2807 2115 ...ς-
2796 2018 2801 2023 ·
