2844 3376
442 474 492 512 24

449 573 489 608 In
516 571 635 608 Eberti
668 566 832 617 exemplo
859 567 915 606 ed.
946 565 1064 619 Lugd.
1098 565 1260 605 Penm‘um
1290 562 1377 600 falso
1410 563 1585 601 tribuinu.
1634 562 1728 600 an.
1754 572 1834 599 cum
1858 567 2016 610 quattuor
2048 558 2121 596 aliis
2154 557 2331 595 codicibus

444 634 612 665 verticem.
664 628 849 673 ‚,Reliqui,
873 636 914 662 ut
940 629 985 661 ait
1010 625 1333 664 Drakenborchius‚
1366 630 1404 655 et
1427 623 1517 654 inter
1543 633 1602 655 eos
1624 624 1751 667 optimi
1772 633 1915 664 omnes,
1949 629 2041 655 recte
2066 619 2245 666 vulgatum
2272 626 2330 650 tu-

447 692 582 726 entur.“
634 688 776 737 Lipsius
801 695 917 723 tamen
943 687 1032 734 Epp.
1058 685 1101 720 ad
1125 682 1248 731 Belgas
1274 680 1371 715 Cent.
1396 678 1424 714 I.
1450 691 1504 727 ep.
1533 680 1592 714 93.
1624 677 1768 723 „Potius
1791 679 1968 721 verticem,
1997 677 2229 726 inquit‚.cum
2255 675 2329 724 pri-

446 751 512 784 scis
536 749 649 783 libris.
701 747 790 782 Nam
817 747 884 779 hoc
911 746 1009 786 dicit,
1042 745 1153 788 ipsum
1179 741 1346 773 verticem
1373 747 1407 771 et
1433 746 1536 783 caput
1571 738 1698 770 montis
1724 749 1858 770 sacrum
1885 749 1960 770 esse
1986 739 2126 771 barbaro
2152 738 2240 779 ritu,
2275 735 2334 780 qui

448 816 482 843 et
508 807 591 843 alibi
617 806 828 842 obtinebat.“
877 803 974 846 Quae
1000 800 1140 846 quidem
1166 795 1471 833 Drakenborchius
1497 801 1589 829 recte
1615 793 1842 841 improbavit,
1878 792 2048 840 simulque
2074 806 2145 828 non
2173 793 2333 834 Pcnnum,

450 867 546 913 quod
574 865 740 900 Cluverio
766 873 902 907 quoque
925 859 1077 905 placuit,
1112 858 1174 892 sed
1201 855 1365 890 Peninum
1391 854 1609 889 scribendum
1637 865 1710 887 esse
1737 852 1865 886 docuit.
1910 851 2089 885 Praeterea
2114 853 2187 885 vid.
2213 853 2333 886 Melet.

450 926 526 959 crit.
552 924 656 970 Spec.
681 922 708 955 1.
734 933 770 966 p.
799 921 857 952 18.
883 918 943 951 ubi
974 915 1139 950 Peninum
1172 926 1234 962 pro
1262 912 1448 948 Penninum
1474 923 1581 958 ponas
1606 910 1732 953 velim,
1766 917 1800 944 et
1823 908 1945 945 Ukerti
1979 908 2176 956 Geogrnph.
2212 909 2333 944 Graec.

449 992 484 1016 et
508 983 607 1016 Rom.
633 980 735 1013 Tom.
761 977 804 1010 II.
829 977 920 1010 Part.
946 975 989 1009 II.
1016 988 1051 1020 p.
1078 977 1163 1008 108.

547 1038 630 1084 Cap.
657 1035 839 1070 XXXIX.
866 1034 885 1053 ¹*
902 1036 938 1068 2.
974 1031 1127 1078 tabeque]
1163 1029 1429 1075 ‚,scabraeque.“
1478 1025 1583 1060 Poeta
1618 1025 1710 1071 apud
1737 1024 1808 1059 Cic.
1835 1025 1942 1060 Tunc.
1968 1025 2069 1071 Disp.
2094 1024 2155 1067 HI,
2186 1027 2241 1058 12.
2266 1038 2328 1069 pe-

448 1107 518 1132 ctus
543 1095 659 1130 illuvie
684 1094 846 1129 scabrum
872 1092 973 1126 dixit.
1012 1091 1059 1125 At
1082 1089 1164 1136 quid
1182 1089 1247 1123 sibi
1275 1087 1380 1121 velit:
1407 1083 1513 1119 cultus
1539 1096 1585 1116 ex
1613 1081 1728 1116 illuvie
1751 1081 1968 1128 scabraeque,
1993 1094 2064 1116 non
2090 1082 2247 1129 dispicio.
2266 1081 2333 1116 Vi-

450 1157 493 1189 de
519 1156 642 1201 igitur,
668 1165 712 1186 ne
739 1153 879 1197 Lipsius
904 1158 1046 1190 temere,
1073 1149 1208 1192 opinor,
1234 1146 1407 1190 scabicque
1432 1143 1650 1178 scribendum
1678 1153 1752 1174 esse
1778 1140 1961 1185 putaverit.
1979 1158 2028 1166 —-
2078 1141 2096 1157 ⁴⁴
2115 1145 2174 1175 10.
2202 1138 2335 1173 adhor-
2365 1164 2375 1173 ,

451 1212 634 1247 tanclorum
660 1209 807 1244 militum
833 1206 971 1253 caussa]
1004 1206 1093 1249 „ista
1117 1204 1223 1238 verba
1245 1202 1390 1237 delenda
1406 1209 1498 1237 ‘sunt
1523 1197 1819 1235 adhortandorum
1852 1197 1998 1232 militurn
2032 1198 2175 1231 cau-’af‘
2225 1197 2326 1230 Invi-

455 1274 498 1307 tis
523 1271 700 1306 codicibus
726 1268 768 1302 ad
794 1280 902 1302 unum
921 1265 1085 1300 omnibus
1110 1275 1181 1297 non
1208 1261 1410 1296 deleverim.
1527 1304 1531 1307 Δ

546 1328 634 1375 Cap.
661 1326 742 1370 XI„
767 1329 803 1361 7.
827 1324 943 1373 plures
966 1323 1064 1370 pene]
1092 1320 1240 1365 „melius
1263 1319 1410 1368 plane.“
1460 1317 1550 1353 Phil.
1575 1317 1775 1360 Rubenius,
1801 1316 1911 1363 'quem
1936 1315 1992 1350 hic
2018 1326 2157 1361 quoque
2180 1313 2338 1361 Lipsium

452 1387 656 1433 compilasse
683 1392 841 1432 apparet,
868 1383 978 1417 Elect.
1005 1381 1033 1423 1,
1061 1383 1119 1414 39.
1146 1393 1182 1426 p.
1209 1380 1268 1413 42.
1296 1379 1432 1423 „Paene
1458 1386 1515 1411 aut
1540 1376 1786 1422 ablegandum,
1821 1376 1955 1420 inquit,
1991 1382 2048 1407 aut
2072 1372 2275 1407 mutandum
2301 1373 2337 1405 in

447 1446 587 1494 plane.“
648 1443 848 1479 Gronovius
873 1439 997 1489 foede,
1031 1440 1177 1474 Vossius
1218 1450 1300 1471 sane
1333 1436 1521 1483 legendum
1565 1434 1711 1469 censuit.
1771 1434 1939 1469 Neutrum
1983 1431 2106 1478 placet.
2148 1429 2334 1467 WVolffius:

457 1504 677 1549 „Libui-ius,
719 1502 853 1548 inquit,
896 1501 970 1535 sive
1008 1497 1095 1533 alius
1125 1498 1184 1532 vir
1215 1509 1286 1531 non
1310 1495 1492 1538 indoctus,
1518 1492 1656 1538 Polybii
1679 1491 1794 1527 locum
1823 1492 1883 1535 111,
1908 1490 1985 1526 160.
2013 1485 2144 1535 σχεδόν
2171 1500 2248 1525 που
2271 1485 2339 1536 ςήν

450 1559 632 1611 ἡμίσειαν
657 1561 725 1607 τῆς
751 1556 948 1603 δυνάμεως
985 1564 1050 1589 ete.
1077 1563 1156 1588 ante
1181 1554 1303 1587 oculos
1328 1554 1470 1594 habens,
1498 1560 1537 1585 ut
1557 1552 1731 1593 indicaret,
1757 1551 1956 1596 Scipionem
1982 1549 2073 1593 apud
2097 1549 2237 1581 Livium
2264 1559 2337 1580 rem

451 1633 598 1668 augere,
634 1626 759 1664 utque,
793 1617 822 1652 si
847 1616 1028 1650 veritatem
1061 1614 1209 1648 retinere
1244 1611 1413 1654 voluerit,
1447 1610 1562 1643 dicere
1597 1609 1773 1643 debuisse:
1818 1608 1875 1655 qui
1906 1605 2020 1654 plures
2051 1619 2134 1653 pene
2165 1605 2336 1652 perierint,

452 1692 555 1727 quam
581 1685 774 1724 supersunt,
807 1675 893 1709 haec
922 1675 1028 1708 verba
1054 1679 1132 1719 post
1157 1684 1211 1705 eos
1237 1670 1433 1716 adscripsit,
1466 1680 1553 1714 quae
1577 1667 1715 1701 tandem
1742 1668 1783 1701 ab
1806 1679 1867 1700 ora
1895 1667 1931 1699 in
1958 1672 2156 1699 contextum
2182 1664 2333 1709 irrepse-

454 1739 572 1771 runt.“
622 1736 697 1770 Nec
730 1733 921 1767 intercedo.
972 1731 1150 1765 Praeterea
1184 1729 1260 1763 cod.
1293 1728 1389 1774 Lips.
1425 1740 1503 1761 cum
1530 1725 1608 1760 edd.
1642 1725 1784 1759 Ascens.
1810 1725 1907 1770 Mog.
1933 1724 2037 1757 Frob.
2066 1727 2098 1758 ί.
2125 1725 2162 1756 2.
2189 1720 2335 1766 aliisque

453 1795 573 1828 offert:
609 1793 668 1841 qui
688 1789 805 1839 plures
824 1803 907 1837 pene
928 1789 1106 1835 perierint,
1134 1799 1238 1833 quam
1271 1785 1444 1832 supersint.
1496 1784 1648 1817 Bauer-us
1681 1793 1819 1827 quoque
1850 1780 1971 1814 maluit
1994 1781 2167 1826 supersint.
2218 1778 2335 1824 Atque

452 1855 516 1887 hoc
542 1854 677 1898 ipsum,
704 1850 798 1895 quod
824 1849 1044 1889 Gronovius,
1070 1847 1138 1880 nisi
1163 1845 1281 1886 fallor,
1315 1845 1415 1878 tacite
1441 1841 1600 1888 quidem,
1635 1840 1696 1876 sed
1718 1848 1810 1875 recte
1832 1840 1871 1875 in
1896 1847 2068 1887 supersunt
2092 1837 2250 1880 mutavit,
2275 1843 2333 1871 et-

450 1912 517 1945 iam
542 1911 578 1944 in
603 1908 678 1943 aliis
704 1907 882 1942 codicibus
909 1905 1052 1952 reperiri
1079 1904 1248 1950 suspicor.
1265 1922 1314 1929 —
1357 1903 1375 1920 ¹*
1395 1904 1431 1936 9.
1457 1899 1598 1934 umbrae
1622 1900 1813 1946 hominum]
1839 1898 2010 1942 „delenda
2034 1898 2099 1931 ista
2121 1907 2196 1930 vox
2221 1894 2336 1929 homi-

450 1971 566 2002 num.“
606 1968 753 2001 Minime
772 1977 870 1999 vero.
896 1964 945 1997 lta
967 1964 1058 1996 enim
1076 1961 1284 1996 vocabulum
1312 1961 1448 2007 effigies,
1468 1959 1560 2002 quod
1580 1958 1775 2003 praeeedit,
1801 1969 1872 1990 non
1889 1956 2048 1996 haberet,
2075 1966 2144 1999 quo
2160 1953 2334 1987 referatur.

451 2028 508 2063 Sic
534 2025 647 2061 Plaut.
683 2022 765 2060 Mil.
805 2022 867 2065 III,
896 2025 929 2065 1,
957 2023 1017 2055 31.
1050 2018 1174 2053 umbra
1206 2031 1240 2052 es
1274 2025 1452 2051 amantum
1487 2015 1621 2061 magis,
1656 2028 1763 2063 quam
1797 2021 1946 2048 amator.
1972 2032 2021 2039 —
2070 2011 2157 2045 lbid.
2188 2008 2338 2057 torrida]

450 2086 597 2129 „melius
624 2081 800 2128 torpida.“
851 2079 943 2113 Phil.
967 2079 1165 2119 Rubenius,
1198 2077 1255 2109 hic
1281 2088 1420 2120 quoque
1446 2074 1553 2120 plagii
1578 2075 1779 2115 convictus,
1804 2073 1915 2106 Elect.
1942 2072 1969 2112 1,
1997 2074 2055 2105 39.
2080 2083 2116 2116 p.
2141 2071 2200 2106 43.
2232 2082 2339 2115 quum

449 2144 598 2190 praeusti
625 2149 721 2175 artus
745 2137 946 2186 praecedat,
972 2134 1060 2170 'colL
1087 2134 1151 2169 Sil.
1177 2133 1252 2167 Ital.
1279 2133 1342 2175 lv,
1371 2135 1429 2166 68.
1455 2130 1610 2164 membra
1636 2129 1774 2177 torpida
1796 2128 1874 2176 gelu
1906 2128 2126 2163 scribendum
2146 2140 2226 2166 ,esse
2251 2127 2335 2161 exi-

452 2202 615 2237 stimavit.
666 2198 868 2234 Gronovius
895 2202 1013 2230 contra
1039 2192 1128 2228 nihil
1153 2192 1355 2226 mutandum
1390 2203 1483 2233 esse,
1519 2189 1715 2223 Observatt.
1739 2188 1799 2232 111,
1827 2193 1861 2225 3.
1886 2201 1923 2235 p.
1950 2188 2034 2224 346.
2062 2194 2154 2222 recte
2181 2186 2355 2229 monuit3·

452 2260 650 2307 praesertim
677 2269 785 2303 quum
811 2267 915 2302 supra
939 2266 1015 2300 cap.
1034 2256 1093 2289 32.
1110 2264 1237 2298 pecora
1263 2252 1475 2296 iumentaque
1500 2247 1633 2282 torrida
1648 2246 1794 2296 frigore
1818 2248 1984 2281 dicamur.
2024 2245 2239 2280 Armenian
2257 2256 2332 2279 ma-

453 2330 559 2352 nuum
584 2317 782 2363 pedumque
806 2314 951 2361 digitos,
988 2310 1143 2343 membra
1167 2317 1278 2343 totum
1301 2320 1429 2354 corpus
1454 2307 1658 2352 significant.
1700 2306 1782 2340 Vid.
1808 2304 2012 2339 Doederlini
2037 2304 2231 2348 Synonym.
2257 2302 2335 2336 Lat.

454 2376 542 2410 Part.
567 2376 628 2409 IV.
654 2388 690 2421 p.
720 2379 801 2411 150.
827 2385 879 2417 sq.
906 2390 955 2398 --
1007 2372 1067 2403 10.
1095 2381 1162 2402 non
1187 2367 1311 2413 hostes]
1347 2367 1434 2411 „ista
1457 2365 1529 2400 duo
1554 2366 1662 2400 verba
1697 2363 1842 2398 delenda
1877 2376 1943 2397 non
1969 2361 2114 2396 hostes.“
2164 2360 2244 2395 Non
2269 2359 2336 2394 nisi

456 2435 492 2466 in
516 2433 615 2465 Cant.
640 2433 763 2465 omissa
789 2438 890 2464 sunt:
924 2429 1014 2477 ξιον.
1043 2431 1078 2460 1.
1106 2435 1141 2459 et
1166 2427 1258 2459 Hav.
1286 2439 1353 2458 non
1377 2425 1504 2458 hostem
1530 2424 1694 2457 offerunt.
1722 2441 1768 2448 —
1823 2421 1911 2455 lbid.
1937 2419 2113 2464 habebitis]
2146 2418 2337 2460 „habetis.“

455 2491 513 2526 Sic
535 2490 628 2525 Hav.
655 2501 732 2522 cum
764 2488 898 2522 duobus
937 2484 1016 2520 aliis
1041 2480 1230 2519 codicibus.
1283 2483 1361 2518 Hoc
1388 2494 1432 2516 ex
1457 2480 1541 2525 illo,
1580 2479 1677 2528 quod
1700 2480 1887 2528 pugnaturi
1911 2479 1987 2511 estis
2011 2473 2175 2523 requirit,
2207 2476 2334 2511 subor-

454 2559 528 2584 tum
553 2560 628 2583 esse
655 2554 803 2592 apparet.
829 2563 877 2572 —
925 2544 1011 2579 lbid.
1039 2557 1079 2577 ne
1103 2551 1285 2590 antequam
1309 2556 1367 2576 vos
1393 2555 1469 2575 cum
1492 2540 1585 2574 hoste
1613 2538 1859 2586 pugnaveritis]
1879 2536 1968 2581 „alii
1994 2549 2096 2583 quam
2121 2535 2260 2569 habeut.
2288 2551 2338 2560 —

434 2610 525 2647 duo
551 2609 615 2643 ista
639 2605 749 2641 verba
773 2602 918 2638 delenda
951 2616 1025 2637 cum
1058 2601 1187 2637 honest
1236 2601 1376 2648 Lipsius
1409 2600 1535 2648 igitur,
1569 2611 1676 2645 quum
1708 2598 1800 2633 Lov.
1829 2601 1863 2634 1.
1890 2610 1930 2630 ne
1954 2603 2136 2643 antequam
2168 2605 2226 2627 vos
2264 2605 2338 2626 cum

450 2666 700 2716 pugnaveritis,
737 2670 771 2697 et
795 2662 889 2695 Hav.
915 2674 954 2693 ne
979 2669 1160 2707 antequam
1190 2674 1248 2694 vos
1279 2659 1509 2706 pugnaveritis
1534 2656 1675 2699 offerat,
1710 2657 1746 2690 in
1775 2655 1850 2690 aliis
1881 2655 2057 2689 codicibus
2084 2666 2123 2685 ne
2148 2664 2252 2698 quam
2277 2664 2333 2685 vos

452 2741 529 2763 cun«
552 2723 795 2773 pugnaveritis,
823 2719 917 2766 quod
941 2719 976 2752 in
1001 2719 1091 2754 Lov.
1117 2723 1153 2754 2.
1178 2718 1315 2766 legitur,
1341 2717 1518 2753 invenisse
1542 2716 1694 2751 videtur.
1742 2715 1848 2749 Recte
1880 2722 1993 2748 tamen
2021 2709 2333 2753 Drakenborchius,
2387 2706 2390 2710 ’

452 2797 559 2833 quum
585 2782 750 2832 Sigonius
776 2792 816 2813 ne
841 2786 1023 2824 antequam
1050 2778 1086 2810 in
1111 2790 1214 2823 quam
1240 2790 1300 2818 ne,
1328 2784 1508 2822 antequam
1534 2780 1719 2813 mutasset,
1756 2784 1801 2806 ex
1822 2773 1930 2805 tribus
1956 2770 2141 2811 codicibus,
2168 2768 2337 2803 vocabulo
