2844 3376
436 488 482 520 32

2180 521 2189 536 Χ

436 584 499 619 bus
524 582 684 629 impares.
735 579 877 627 Lipsius
903 578 996 614 haud
1018 579 1125 615 dubie
1152 574 1372 617 existimavit,
1398 575 1610 628 vocabulum
1638 576 1762 611 animis
1798 586 1844 610 ex
1867 573 2172 622 praecedentibus:
2206 569 2314 607 Pede-

433 643 511 675 stris
534 652 652 686 pugna
679 651 747 685 par
774 638 901 671 animis
926 639 1049 682 magis,
1075 648 1178 683 quam
1201 632 1326 666 viribus
1352 640 1437 674 erat,
1465 634 1507 666 ab
1533 633 1721 679 interprete
1746 633 1816 667 huc
1841 644 1916 668 esse
1940 631 2098 668 relatum.
2123 651 2172 658 —
2204 632 2238 665 9.
2264 630 2315 664 ei-

432 698 527 745 mnl]
555 710 643 745 „pro
669 695 773 730 simul
800 697 935 743 atque.“
984 695 1102 728 Recte.
1152 690 1233 725 Vid.
1260 688 1522 724 Drakenborch.
1549 689 1592 723 ad
1615 689 1695 724 Liv.
1722 690 1785 734 VI,
1814 695 1846 733 1,
1872 693 1941 725 6.st
2227 687 2239 697 '

533 757 620 803 Cap.
643 755 738 798 LVI,
764 756 782 772 *
802 758 834 788 1.
863 750 1109 798 Trepidariteis,
1133 761 1301 796 propeque
1324 746 1414 792 iam]
1442 747 1604 794 „iamque
1617 750 1761 794 prope.“
1810 747 1898 782 Hoc>
1916 734 1958 783 a)
1983 748 2056 792 illo,
2083 747 2187 795 quod,
2212 758 2316 793 quum

436 817 471 851 in
490 815 545 851 ed.
564 815 709 850 Ascens.
736 813 885 859 primum
913 805 1179 855 comparuisset,
1207 807 1246 840 ab
1273 805 1340 841 Iac.
1367 803 1548 840 Gronovio
1568 816 1612 840 ex
1638 804 1796 840 codicum
1816 811 1850 839 et
1875 804 2065 841 editionum
2091 805 2319 852 antiquiorum

436 875 504 910 fide
531 875 568 907 in
597 864 882 917 Trepidantes'que
915 878 1021 914 prope
1046 867 1119 899 iam
1146 873 1210 898 etc.
1237 872 1426 905 mutatum,
1453 863 1515 897 sed
1539 875 1558 897 a
1584 862 1790 905 Crevier-io,
1807 862 1883 906 cui,
1903 862 1997 897 'licet
2017 863 2320 898 Drakenborchius

439 933 475 967 in
502 929 577 967 solo
602 930 692 964 Lov.
719 931 752 963 3.
776 916 981 973 reperisset,
1008 936 1086 959 cum
1110 922 1356 965 LallemandO,
1392 921 1602 969 Doeringio,
1628 919 2036 969 Baumgarten-Crusio,
2068 915 2231 955 Bekkerci
2255 920 2322 955 ali-
2761 899 2844 1020 ὁ

440 993 536 1036 isque
563 986 717 1025 obsecuti
744 998 879 1026 sumus,
910 991 1111 1037 revecatum
1139 991 1207 1024 est,
1234 994 1304 1014 non
1332 981 1399 1014 nisi
1423 982 1609 1014 verborum
1634 982 1787 1026 positura
1813 981 1941 1014 differt.
1991 981 2130 1026 Lipsius
2155 992 2226 1013 non
2252 988 2337 1021 tarr»
2777 984 2794 1007 a

438 1046 563 1082 codicis
580 1043 724 1079 alicuius
749 1042 1007 1085 auctor-itatem,
1033 1053 1135 1087 quam
1161 1039 1377 1074 coniecturae
1406 1037 1679 1085 probabilitatem
1704 1047 1842 1073 secutus
1869 1050 1943 1073 esse
1968 1037 2174 1073 videtur.—
2206 1037 2319 1071 ‘lbid.
2812 1045 2821 1121 ἢ

2816 1125 2820 1147 ι

2814 1165 2819 1189 ι

2815 1222 2820 1250 l

436 1105 549 1139 media
577 1104 668 1148 acie]
697 1117 743 1146 „a
768 1101 894 1135 media·
910 1103 1018 1135 acie.“
1054 1100 1266 1141 Gronovius,
1294 1099 1349 1131 cui
1371 1097 1571 1131 Crevier-ius
1588 1105 1622 1130 et
1645 1096 1891 1130 Lallemandus
1913 1105 2144 1137 accesserunt,
2171 1108 2322 1141 praepo-

440 1163 601 1199 sitionem
627 1174 643 1193 e
669 1160 851 1202 excidisse,
876 1157 1062 1206 Rupertius
1088 1156 1148 1191 vel
1175 1169 1197 1190 a
1222 1153 1335 1189 media
1370 1155 1454 1199 acie,
1487 1153 1579 1201 quod
1606 1153 1733 1201 “Lipsio
1769 1165 1907 1201 quoque
1939 1152 2079 1201 placuit,
2110 1152 2170 1187 vel
2208 1151 2321 1188 media

440 1222 484 1256 ab
513 1223 587 1254 acie
612 1220 829 1254 scribendum
857 1232 930 1252 esse
956 1218 1146 1262 suspicatus
1173 1224 1235 1249 est.
1286 1214 1406 1248 Malim
1434 1215 1724 1260 praepositionem
1750 1214 1932 1260 cogitando
1959 1213 2124 1259 suppleri.
2150 1231 2199 1237 ——
2225 1217 2259 1246 2.
2286 1215 2322 1247 in

440 1280 552 1313 orbem
579 1279 731 1323 utrinque
754 1275 962 1322 pugnarent]
990 1276 1167 1320 „utrinque
1191 1272 1415 1307 delendum.“
1467 1273 1545 1305 Hoc
1571 1270 1780 1305 vocabulum
1806 1272 1841 1305 in
1867 1271 1958 1305 Lov.
1988 1275 2021 1305 1.
2048 1279 2082 1305 et
2106 1271 2199 1305 Hav.
2226 1278 2322 1305 cete-

440 1338 567 1383 risque,
596 1341 743 1381 excepto
769 1333 843 1367 Pal.
879 1336 913 1367 3.
946 1333 983 1366 in
1012 1344 1085 1379 quo
1119 1332 1248 1378 utrique
1279 1330 1417 1378 legit-ur,
1454 1330 1613 1364 omnibus
1649 1330 1813 1364 omissum
1846 1330 1913 1363 iam
1937 1320 2145 1364 'Gronovius
2180 1328 2322 1364 delevit.
2815 1308 2822 1351 l

440 1395 540 1429 Certe
577 1392 724 1440 undique
753 1392 973 1427 scribendum
1004 1391 1103 1425 soret.
1158 1390 1233 1424 Sed
1266 1390 1332 1424 hoc
1360 1402 1522 1435 quoque,
1562 1389 1692 1433 quippe
1724 1388 1954 1434 superfluum,
1987 1387 2067 1421 Liv.
2102 1388 2164 1430 IV,
2198 1390 2256 1421 39.
2291 1394 2324 1420 et
2813 1387 2821 1422 Ι

439 1452 610 1494 xxvm,
637 1454 696 1487 22.
724 1462 795 1484 non
821 1449 969 1484 additur.
994 1469 1045 1476 -
1072 1451 1105 1482 6.
1132 1447 1353 1494 consumpsit]
1382 1473 1404 1490 „
1420 1447 1641 1492 absumpsitss
1692 1445 1749 1479 sic
1775 1445 1865 1480 Lov.
1894 1449 1927 1479 1.
1954 1454 1988 1479 et
2012 1446 2103 1479 ΗΠ.
2142 1457 2220 1479 cum
2245 1443 2324 1491 ple-
2813 1423 2827 1498 l

441 1512 557 1558 risque
585 1510 755 1545 omnibus.
806 1508 887 1544 Hoc
911 1508 980 1544 iam
1006 1507 1169 1555 Sigonius
1196 1520 1258 1554 pro
1282 1505 1345 1541 illo
1372 1506 1536 1554 reposuit.
1563 1525 1612 1537 ψ-
1637 1505 1696 1539 *7.
1723 1503 1839 1550 hostis]
1874 1503 2052 1549 „l›ostes.“
2105 1503 2224 1550 Neque
2257 1502 2324 1537 hoc
2819 1501 2822 1540 ἱ

443 1570 496 1604 illi
522 1568 814 1608 substituendum,
842 1579 957 1612 neque
983 1565 1165 1612 vulgatum
1191 1565 1294 1599 hostis
1320 1577 1382 1612 pro
1406 1564 1513 1599 hostes
1546 1564 1695 1611 positum
1731 1575 1805 1598 esse
1839 1562 1994 1598 arbitror.
2052 1562 2134 1597 Vid.
2164 1561 2324 1596 Draken-
2820 1583 2824 1605 ἱ

442 1628 562 1667 borch.
584 1627 627 1660 ad
653 1627 733 1659 Liv.
761 1625 842 1666 XL,
869 1625 928 1667 49,
958 1628 992 1658 1.
1022 1643 1067 1650 —
1095 1627 1129 1657 8.
1154 1623 1366 1669 praesidium
1394 1621 1632 1656 Romanorum
1655 1623 1859 1665 castrorum]
1895 1620 2064 1663 „delenda
2089 1618 2324 1653 vox.Roma-

448 1686 604 1721 noutm.“
655 1684 734 1718 Hoc
760 1681 970 1717 vocabulum
996 1680 1032 1715 in
1058 1680 1148 1716 Lov.
1178 1684 1210 1715 1.
1237 1689 1316 1729 post
1342 1689 1529 1716 castrorum
1556 1680 1719 1728 positum,
1752 1678 1812 1714 sed
1847 1679 1882 1712 in
1908 1678 2000 1712 Hav.
2035 1677 2223 1724 ceterisque
2248 1688 2324 1711 me·
2822 1649 2829 1685 i

449 1746 593 1778 lioribus
618 1744 803 1782 omissum,
831 1743 958 1787 pariter
983 1754 1021 1774 ac
1048 1753 1175 1773 nomen
1202 1740 1317 1781 Poeni,
1352 1742 1387 1772 in
1414 1752 1482 1784 quo
1508 1739 1647 1783 Lipsius
1673 1749 1743 1770 non
1770 1737 1954 1769 offendisse
1979 1736 2129 1777 videtur,
2163 1735 2325 1768 Draken-

446 1801 609 1835 borchius
636 1800 679 1833 de
705 1799 876 1833 Gronovii
904 1798 1072 1832 sententia
1098 1798 1279 1843 expunxit.
1332 1797 1432 1839 Vide,
1461 1808 1547 1841 quae
1573 1806 1676 1841 supra
1702 1793 1744 1827 ad
1770 1805 1844 1840 cap.
1872 1794 1929 1836 55,
1960 1794 1993 1826 6.
2016 1791 2192 1827 adnotavi.

544 1858 627 1903 Cap.
654 1858 764 1897 LVII,
793 1859 825 1889 5.
853 1855 1054 1900 vagantibus
1077 1874 1127 1880 —
1149 1854 1402 1900 Lusitanisque]
1430 1855 1545 1896 „hunc
1572 1852 1688 1886 locum
1715 1852 1904 1891 Glareanus
1931 1851 2053 1884 fatetur
2070 1864 2107 1884 se
2123 1863 2193 1885 non
2219 1851 2325 1885 intel-

443 1917 562 1964 ligere.
614 1916 660 1950 D.
686 1914 713 1948 Ι.
738 1913 878 1961 Lipsius
905 1912 1076 1960 explicat,
1104 1920 1137 1947 et
1162 1912 1245 1947 dicit
1273 1911 1443 1947 Celtiberis
1469 1912 1706 1958 Lusitanisque
1727 1909 1890 1957 peditibus
1914 1908 2151 1954 υαρςαηίιἸπιεέι
2188 1909 2327 1956 Lipsius

444 1977 548 2023 igitur
572 1986 691 2008 veram
716 1973 840 2005 horum
866 1973 1054 2005 verborum
1080 1972 1284 2004 sententiam
1318 1971 1495 2015 perspexit
1529 1978 1605 2002 ante
1630 1970 1855 2008 Turnebum‚
1889 1967 1948 2011 qui
1981 1967 2147 2000 Adverss.
2175 1967 2326 2008 XXVII,

449 2038 505 2070 11.
533 2031 671 2077 ‚,Puto,
706 2030 840 2076 inquit,
875 2029 1019 2063 Livium
1046 2028 1179 2062 dicere:
1213 2040 1299 2073 quae
1335 2028 1456 2061 infesta
1489 2027 1632 2060 reddere
1658 2024 1884 2072 popularique
1910 2036 1979 2058 uon
2006 2023 2179 2070 potuerint
2202 2023 2327 2059 Numi-

444 2093 517 2135 dae,
548 2090 643 2137 quod
668 2089 833 2135 impedita
861 2093 976 2121 essent
1010 2086 1117 2130 equiti
1144 2093 1177 2118 et
1202 2086 1394 2126 inaccessa,
1431 2097 1469 2117 ea
1495 2086 1568 2130 ipsa
1603 2083 1793 2118 Celtiberos
1828 2091 1861 2116 et
1884 2081 2086 2124 Lusitanos,
2122 2083 2180 2128 qui
2205 2084 2329 2117 assueti

444 2158 539 2185 erant
565 2160 685 2195 aspera
713 2154 747 2180 et
772 2152 933 2179 montana
966 2155 1184 2191 percursare,
1217 2150 1421 2189 pervagatos
1448 2154 1521 2175 esse
1548 2149 1648 2187 atque
1683 2139 1905 2188 populatos.“
1955 2139 2109 2175 Accessit
2133 2140 2165 2174 ei
2190 2139 2328 2175 Grono-

444 2211 543 2249 vius,
570 2208 649 2253 qui‚
677 2215 715 2240 ut
741 2205 891 2251 apertior
918 2211 1007 2237 esset
1033 2202 1102 2236 loci
1127 2201 1316 2243 sententia,
1351 2201 1539 2234 editionum
1564 2200 1777 2245 antiquarum
1803 2198 1986 2232 lectionem
2011 2207 2041 2231 et
2066 2212 2152 2245 quae
2176 2206 2267 2232 recte
2291 2199 2329 2233 in
2451 2217 2470 2227 ο

446 2276 475 2301 et
501 2279 569 2315 qua
604 2265 764 2299 mutavit.
818 2260 1126 2297 Drakenborchius
1164 2258 1326 2312 quidem?
1359 2258 1439 2302 „Ad
1465 2250 1694 2305 optimorum,
1730 2257 1859 2304 inquit,
1895 2257 2049 2291 codicum
2083 2255 2267 2293 lectionem
2292 2266 2323 2291 et

448 2323 570 2372 queque
594 2325 737 2371 propius
764 2322 943 2356 accederet
970 2328 1088 2366 atque,
1123 2332 1211 2365 quae
1236 2317 1288 2350 lzis
1313 2316 1518 2363 inpeditiora
1546 2319 1682 2350 eran1.“
1727 2316 1798 2350 Sed
1825 2329 1910 2363 quae
1934 2328 2003 2350 non
2028 2316 2148 2359 habet,
2173 2327 2242 2361 quo
2268 2329 2326 2350 re-

449 2384 581 2417 feratur.
607 2400 681 2409 —·
706 2379 942 2428 oppugnandi]
970 2375 1255 2423 „expugnandif‘
1305 2377 1384 2409 Hoc
1412 2386 1456 2408 ex
1482 2374 1549 2426 Iac.
1566 2383 1599 2408 et
1620 2375 1701 2408 Ant.
1727 2374 1896 2408 Perizonii
1920 2375 2114 2408 coniectura
2141 2387 2218 2408 curn
2244 2374 2329 2408 Lal-

451 2439 609 2473 lernando
634 2440 769 2487 recepi,
805 2437 965 2472 Bekkero
1002 2433 1244 2482 adstipulante.
1296 2433 1399 2468 Nunc
1425 2430 1535 2479 Lipsii
1561 2432 1738 2468 auctoritas
1762 2432 1915 2468 accessit.
1960 2430 2125 2469 &Volffius
2148 2430 2329 2481 vulgatum

451 2498 639 2533 Perizoniis
664 2508 753 2532 recte
781 2497 996 2543 displicuisse
1012 2493 1347 2541 praefatus:.„Mihi
1373 2501 1499 2534 tamen,
1527 2492 1648 2536 inquit,
1675 2491 1863 2538 occupandi
1886 2491 2009 2526 melius
2026 2492 2061 2524 in
2082 2504 2140 2526 eos
2166 2492 2330 2537 quadrare

450 2555 601 2597 videtur,
629 2555 688 2600 qui
713 2566 847 2588 omnem
867 2555 903 2588 in
929 2553 1116 2600 improvisa
1143 2552 1335 2599 irruptione
1362 2562 1459 2596 spem
1486 2551 1706 2596 posuerant.“
1735 2549 1838 2583 Haec
1862 2550 1966 2584 verba
1985 2561 2002 2582 a
2017 2547 2163 2584 librariis
2188 2560 2331 2596 permu-

450 2622 519 2648 tata
546 2625 621 2646 esse
653 2624 723 2645 non
756 2613 906 2645 memini.
935 2634 979 2639 —
1031 2614 1049 2629 '⁸
1069 2615 1104 2646 7.
1131 2609 1274 2655 consul]
1302 2607 1442 2653 „Scipio
1469 2609 1563 2641 cos.“
1598 2609 1665 2642 =De
1689 2607 1728 2642 Ρ.
1754 2607 1927 2653 Scipione,
1961 2620 2067 2653 quum
2091 2607 2136 2639 T.
2163 2606 2330 2651 Sempro-

451 2671 530 2704 nius
556 2670 702 2704 Romam
729 2668 771 2702 ad
796 2668 950 2702 habenda
976 2668 1110 2702 comitia
1137 2667 1311 2715 profectus
1338 2672 1447 2708 esset,
1473 2665 1540 2699 hoc
1567 2663 1828 2712 intelligendum
1850 2677 1941 2708 esse,
1967 2665 2034 2699 iam
2060 2661 2248 2699 Glareanus
2273 2676 2330 2698 re-

449 2738 504 2764 cte
529 2728 717 2773 adnotavit.
770 2727 886 2772 Atque
912 2727 978 2761 hoc
1001 2729 1133 2773 ipsum,
1159 2728 1224 2762 nisi
1251 2725 1370 2768 fallor,
1397 2725 1539 2771 Lipsius
1566 2736 1703 2769 qnoque
1729 2725 1999 2770 significaturus,
2026 2735 2140 2767 neque
2165 2734 2268 2765 vero,
2295 2723 2331 2757 id

450 2786 544 2834 quod
569 2787 730 2829 Ebertus,
763 2786 824 2833 qui
857 2785 1108 2820 adnotationem
1143 2785 1185 2819 ad
1217 2784 1310 2819 hunc
1345 2782 1461 2818 locum
1496 2783 1542 2817 ita
1576 2781 1822 2817 conformavit:
1858 2779 1998 2825 „consul
2024 2778 2167 2828 aderat]
2194 2779 2331 2829 „Scipio
