2844 3376
495 483 545 516 20

494 586 637 614 monent
662 577 732 612 loci
758 577 839 612 Liv.
867 577 1044 620 XXXVI,
1073 581 1131 612 20.
1158 578 1216 611 ubi
1243 588 1286 610 ex
1311 575 1387 609 cod.
1413 576 1535 611 Bamb.
1562 577 1707 626 aliisque
1733 578 1916 615 revocavit
1954 591 2042 629 qnae
2063 577 2377 625 novistimivgmi·

494 640 546 672 nis
577 639 694 679 erant,
729 649 793 683 pro
829 639 1051 678 novissimae,
1091 636 1183 681 quod
1207 634 1617 680 Baumgarten-Crusim
1655 650 1796 683 quoque
1821 647 1859 673 ot
1880 639 2061 674 Bekkeru·
2083 645 2299 685 receperunt.
2330 655 2380 664 —-

494 697 531 731 8.
558 694 639 729 dum
670 695 903 743 cunctaretur]
941 693 1024 739 „alii
1050 693 1261 728 cunctatur.“
1310 691 1402 726 Lov.
1435 694 1468 726 1.
1493 700 1727 737 cunctaretur,
1761 694 1824 729 sed
1847 695 1942 731 Hav.
1969 696 2270 733 mundioribus
2295 708 2381 731 cun·-

493 763 624 796 ceatur,
648 754 744 799 quod
764 755 831 787 Iac.
853 754 1050 787 Gronovius
1069 751 1120 783 illi
1145 757 1236 783 recte
1262 751 1448 784 substituit.
1497 750 1581 784 vid.
1597 752 1729 785 Handii
1753 752 1944 787 'hi-sellia.
1968 755 2051 798 Vol.
2075 756 2179 802 11.·p.
2200 758 2284 789 su.
2304 766 2381 800 sqq·

493 833 544 840 —
578 811 695 847 *lbid.
732 810 913 855 dimittere]
955 808 1182 850 „inmittet-e.“
1240 807 1334 841 Huic
1365 806 1484 855 Lipsii.
1510 808 1725 844 coniecturae
1757 808 1851 844 haud
1884 809 1996 846 dubie.
2018 819 2169 859 praestat
2201 810 2381 857 demittere,

494 872 591 915 quod
611 871 679 905 120.
701 868 895 904 Gronovius
918 868 1078 911 reposuit
1100 878 1163 911 pro
1184 866 1369 907 dimittere,
1396 867 1452 899 cui
1470 867 1563 900 Lov.
1586 872 1619 901 1.
1646 876 1681 901 et
1703 868 1797 901 Hav.
1824 869 2002 913 ceterique·
2022 869 2158 903 codices
2182 871 2379 905 adhaerent.

494 948 545 978 —f
569 927 683 963 *Ibid.
715 923 911 972 reliquerat]
948 922 1138 972 „reliquum
1171 925 1286 960 erat.“
1337 924 1433 959 Haec
1460 937 1598 971 quoque
1622 924 1734 972 Lipsii
1760 925 1956 961 coniectura
1979 925 2122 975 vulgato
2148 938 2219 962 non
2244 927 2381 975 praefe-

494 987 599 1019 renda
630 985 779 1018 videtur.
829 982 1002 1015 Librarios
1037 990 1151 1015 tamen
1188 983 1324 1027 saepius
1350 983 1397 1014 ita
1423 994 1603 1027 peccasse,
1640 990 1680 1015 ut
1704 983 1774 1015 duo
1798 984 1969 1017 vocabula
1993 985 2030 1017 in
2055 997 2163 1018 unum
2188 985 2381 1019 coalescere

492 1049 708 1089 paterentur,
744 1041 781 1075 in
813 1039 991 1075 Adnotatt.
1019 1039 1061 1074 ad
1085 1039 1241 1074 Sallustii
1266 1040 1358 1075 Hist.
1382 1040 1460 1074 Lib.
1485 1039 1545 1075 ΠΙ.
1574 1040 1779 1087 Fragmenta
1803 1053 1839 1086 p.
1861 1043 1925 1076 81.
1945 1049 1979 1076 et
2003 1042 2114 1089 Epist.
2140 1042 2184 1077 ad
2207 1042 2319 1078 Orell.
2345 1056 2380 1090 p.

493 1104 551 1134 30.
578 1086 692 1134 ὧοιιί.
718 1117 767 1127 -
809 1101 868 1133 *9.
896 1098 1125 1143 occursantes]
1153 1106 1413 1139 „concursantes
1439 1106 1473 1131 et
1497 1105 1667 1131 cursantes
1692 1097 1851 1131 emendat
1874 1098 1920 1131 D.
1943 1098 1971 1132 I.
1989 1099 2180 1146 Lypsius.“
2229 1101 2381 1148 Magno-

492 1172 577 1207 pere
600 1170 745 1203 vereor,
769 1165 809 1194 ut
831 1158 992 1205 Lipsius,
1018 1156 1100 1192 licet
1125 1156 1246 1191 Livius
1273 1170 1345 1203 cap.
1363 1158 1421 1192 35.
1446 1156 1639 1203 scripserit:
1672 1154 1751 1190 inde
1774 1157 1930 1193 montani
1951 1159 2130 1204 pauciores
2154 1160 2249 1202 iam,
2275 1167 2306 1194 et
2320 1157 2380 1206 la-

494 1219 631 1253 trocinii
650 1219 762 1263 magis
785 1231 889 1264 quam
911 1215 993 1250 belli
1013 1229 1116 1258 more,
1139 1215 1396 1258 concursabant,
1426 1215 1519 1248 hunc
1536 1214 1651 1248 locum
1670 1222 1762 1248 recte
1783 1214 2031 1250 sollicitaverit.
2067 1216 2148 1250 Liv.
2167 1217 2376 1260 XXXVIII,

495 1277 554 1311 40.
577 1275 736 1310 barbaris
758 1288 820 1321 per
845 1272 952 1309 calles
977 1282 1073 1308 notos
1098 1273 1358 1308 occursantibus.
1387 1293 1432 1300 —
1486 1272 1602 1307 *Ibid.
1629 1272 1761 1319 erupto]
1787 1272 1972 1320 „adempto
1982 1276 2019 1318 ,“
2061 1274 2166 1319 Quod
2199 1274 2282 1321 quid
2313 1275 2380 1310 sibi

492 1334 597 1377 velit,
631 1344 702 1367 non
730 1332 910 1377 adsequor.
962 1331 1161 1375 Pyndenius
1186 1343 1249 1377 per
1274 1343 1444 1373 errorem,
1479 1343 1549 1377 quo
1575 1331 1732 1365 librarios
1758 1331 1955 1376 saepissime
1989 1331 2105 1378 lapsos
2132 1345 2208 1367 esse
2234 1341 2378 1376 constat,

492 1390 650 1438 adempto
683 1402 746 1437 pro
783 1389 924 1435 adepto,
957 1389 1050 1434 quod
1084 1389 1176 1435 apud
1206 1389 1347 1423 Livium
1373 1402 1540 1435 nusquam
1568 1389 1705 1435 passive
1731 1389 1892 1435 ponitur,
1925 1390 2101 1436 scripsisse
2126 1391 2276 1425 videtur.
2326 1391 2379 1425 Cf.

492 1448 754 1483 Drakenborch.
775 1448 817 1481 ad
837 1448 917 1481 Liv.
937 1447 981 1489 11,
1006 1449 1066 1488 15,
1088 1450 1122 1480 6.
1149 1455 1184 1480 et
1215 1448 1327 1480 Kritz.
1354 1448 1396 1480 ad
1422 1447 1563 1481 Sallust.
1591 1448 1665 1481 Cat.
1691 1460 1766 1492 cap.
1789 1450 1823 1489 7,
1850 1451 1883 1480 3.
1912 1447 2004 1481 Lov.
2031 1452 2067 1481 1.
2090 1458 2261 1494 pen-apto,
2285 1450 2378 1483 Hav.

495 1520 574 1543 cum
598 1505 774 1554 plerisque
800 1506 960 1540 omnibus
987 1513 1125 1552 erupto,
1152 1504 1207 1539 cui
1232 1504 1394 1552 Sigonius
1418 1504 1507 1539 illud
1532 1505 1716 1539 substituit.
1745 1505 1907 1540 .Rectius
1932 1504 2025 1540 haud
2050 1505 2152 1541 dubie
2179 1505 2379 1554 Glareanus,

494 1567 695 1599 Gronovius
728 1572 762 1596 et
786 1564 932 1596 Vossius
966 1571 1144 1596 suaserunt
1175 1565 1380 1607 interrupto,
1415 1564 1508 1607 quod
1533 1564 1938 1609 Baumgarten-Crusius
1965 1572 1999 1597 et
2022 1564 2201 1599 Bekkerus
2232 1578 2377 1610 recepe-

493 1632 591 1668 runt,
619 1631 653 1658 et
677 1620 845 1659 Wolffius
872 1633 1010 1667 quoque
1035 1619 1183 1656 adsensu
1208 1620 1458 1668 comprobavit.

593 1681 678 1726 Cap.
706 1681 865 1720 XXXV,
891 1681 950 1712 *2.
971 1687 1006 1711 ut
1031 1680 1163 1724 cuique]
1190 1681 1419 1724 „utrimque.“
1469 1680 1542 1712 Imo
1569 1689 1750 1726 utcunque,
1777 1680 1869 1724 quod
1893 1680 2195 1713 Drakenborchius
2221 1680 2377 1712 codicum

495 1739 680 1776 meliorum
696 1739 906 1784 'auctoritate
932 1738 1088 1785 reposuit
1114 1745 1148 1772 et
1177 1736 1316 1785 Lipsius
1343 1738 1467 1781 etiam,
1502 1751 1608 1785 quum
1633 1739 1669 1773 in
1694 1738 1783 1774 Lov.
1813 1741 1845 1773 1.
1871 1746 1987 1786 utque,
2021 1738 2057 1773 in
2082 1738 2177 1773 Hav.
2203 1746 2317 1773 autem
2342 1747 2378 1772 ut

495 1800 613 1844 cuique
643 1798 854 1839 invenisset,
890 1796 1189 1829 commendaturus
1221 1803 1307 1828 erat..
1336 1796 1535 1840 Pyndenius
1568 1797 1660 1829 enim
1692 1797 1749 1828 hic
1783 1806 1921 1841 quoque
1945 1798 2112 1841 'peccasse
2144 1796 2293 1829 videtur.
2326 1815 2376 1821 —-

493 1856 607 1890 *Ibid.
639 1855 827 1902 progressi]
860 1855 1113 1900 „praegressi.“
1162 1852 1313 1888 Praestat
1344 1853 1541 1900 vulgatum,
1576 1854 1633 1888 cui
1665 1866 1814 1900 sequens
1846 1855 2011 1889 morative
2041 1854 2153 1901 aptius
2177 1854 2375 1901 respondet.

489 1913 629 1947 Rectius
651 1919 768 1946 contra
787 1912 867 1945 Liv.
894 1911 1067 1953 XXXIII,
1096 1914 1128 1944 3.
1155 1910 1297 1957 vulgato
1320 1924 1514 1957 progressus
1540 1923 1585 1945 ex
1611 1911 1687 1945 cod.
1713 1912 1833 1945 Bamb.
1857 1924 2071 1957 praegressus
2099 1912 2271 1945 substitui.
2320 1912 2377 1945 De

492 1965 609 2005 crebra
633 1971 756 2005 horum
781 1971 967 2005 verborum
993 1969 1242 2014 permutatione
1267 1969 1340 2002 vicl.
1366 1969 1629 2002 Drakenborch.
1657 1969 1700 2001 ad
1723 1969 1804 2002 Liv.
1830 1968 1895 2010 IX,
1925 1971 1983 2011 10,
2009 1971 2046 2002 7.
2072 1988 2121 1994 —
2145 1972 2180 2002 3.
2201 1969 2375 2014 praecipi—

491 2039 538 2063 tes
567 2043 627 2077 per
660 2037 777 2063 arctas
808 2027 899 2073 vias]
934 2040 1019 2073 „per
1045 2034 1162 2059 arctas
1185 2027 1448 2073 praecipitesque
1471 2027 1582 2060 vias.“
1634 2024 1829 2059 Crevierius
1854 2037 2012 2072 quoque,
2043 2038 2148 2072 quum
2174 2025 2210 2060 in
2236 2038 2306 2060 uno
2333 2037 2376 2061 ex

491 2089 562 2122 suis
598 2088 795 2127 codicibus„
831 2086 891 2130 qui
926 2097 1003 2116 cum
1034 2084 1128 2116 Flor.
1161 2084 1351 2125 consentit,
1385 2097 1445 2129 per
1477 2092 1595 2116 arctas
1618 2085 1818 2129 praecipites
1841 2085 1915 2116 vias
1939 2085 2147 2117 invenisset:
2185 2085 2377 2127 „Addenda

492 2154 561 2189 est,
593 2145 724 2191 inquit,
761 2151 894 2178 tantum
928 2141 1095 2189 particula
1121 2140 1336 2188 copulativa:
1370 2155 1430 2188 per
1456 2150 1572 2176 arctas
1597 2149 1627 2174 et
1650 2142 1869 2189 praecipites,
1902 2141 1963 2177 vel
1984 2143 2245 2190 praecipitesque
2268 2144 2379 2177 vias.“

491 2202 675 2238 WVaIchius
701 2210 840 2243 contra,
869 2202 925 2234 cui
950 2199 1116 2236 WVolffius
1143 2199 1303 2240 accessit,
1338 2199 1530 2232 Emendatt.
1556 2199 1636 2232 Liv.
1662 2212 1698 2243 p.
1726 2202 1785 2232 83.
1811 2201 1956 2242 rectius,
1990 2201 2114 2233 omissa
2147 2201 2290 2245 copula,
2315 2214 2378 2245 per-

493 2269 589 2294 artas
612 2261 814 2306 praecipites
844 2260 918 2292 vias
944 2257 1046 2294 scribi
1072 2256 1329 2292 demonstravit.
1381 2257 1485 2291 Hunc
1509 2269 1587 2291 cum
1613 2256 2000 2303 Baumgarten-Crusio
2026 2265 2060 2292 et
2083 2256 2245 2292 Bekkero
2267 2258 2376 2293 secuti

494 2330 620 2352 sumus.
668 2318 742 2352 Nec
776 2325 917 2351 temere.
968 2316 1126 2361 Namque
1159 2314 1247 2348 infra
1271 2314 1356 2348 haec
1381 2314 1564 2362 leguntur:
1619 2312 1739 2347 Omnis
1762 2315 1850 2347 enim
1864 2313 1986 2362 ferme
2008 2316 2066 2349 via
2091 2327 2272 2362 praeceps,
2307 2328 2377 2348 an-

491 2385 609 2420 gusta,
634 2375 769 2410 lubrica
794 2384 887 2420 erat,
914 2375 957 2408 ad
982 2387 1070 2419 quae
1092 2374 1301 2407 recentiores
1326 2373 1422 2405 Livii
1448 2374 1596 2407 editores
1621 2385 1691 2406 non
1714 2373 1897 2407 attendisse
1922 2373 2096 2407 videntur.
2137 2374 2375 2419 Doeringium,

494 2433 551 2467 cui
579 2432 798 2481 Raschigium
833 2431 1041 2469 auscultasse
1082 2431 1203 2475 miror,
1245 2430 1337 2464 Livii
1373 2442 1489 2465 manes
1521 2442 1651 2478 poenas
1697 2430 1884 2478 expetituri
1924 2431 2146 2478 praecipitem
2180 2437 2291 2478 agant.
2325 2450 2376 2457 -

495 2491 559 2525 *4.
577 2489 698 2536 valles]
726 2491 892 2534 ‚‚callcs.“
934 2492 1031 2525 Haec
1047 2490 1158 2535 Lipsii
1177 2491 1373 2523 coniectura
1392 2490 1513 2533 habet,
1541 2503 1609 2535 quo
1626 2489 1769 2535 placeat.
1809 2489 1976 2523 Similiter
1990 2490 2082 2524 idem
2101 2491 2212 2536 Epist.
2234 2490 2375 2533 Quaest-

494 2550 539 2593 V,
566 2552 599 2583 1.
633 2548 809 2584 verissime
843 2550 1032 2596 suspicatus
1059 2556 1127 2591 est,
1161 2548 1240 2582 Liv.
1269 2548 1388 2592 XXII,
1417 2548 1450 2583 4.
1478 2561 1539 2595 pro
1567 2561 1610 2583 ex
1633 2547 1786 2595 plur-ibus
1810 2546 1959 2583 vallibus
1983 2548 2201 2583 scribendum
2230 2560 2304 2583 esse
2330 2560 2376 2582 ex

489 2607 645 2655 pluribus
678 2606 839 2647 collibus,
876 2607 967 2650 quod
1000 2619 1077 2640 cum
1109 2607 1283 2648 Strothio,
1319 2606 1707 2653 Baumgarten—Crusio
1734 2614 1768 2639 et
1791 2606 1952 2639 Bekkero
1977 2607 2103 2651 recepi.
2157 2607 2210 2638 De
2237 2607 2375 2639 diverso

491 2665 654 2702 vocabuli
678 2663 782 2700 callis
815 2677 940 2712 genere
964 2665 1037 2699 vid.
1068 2664 1269 2700 Schneideri
1304 2664 1456 2700 Gramm.
1481 2664 1556 2700 Lat.
1581 2664 1669 2699 Part.
1697 2663 1739 2699 ll.
1765 2663 1848 2699 Vol.
1873 2663 1901 2699 I.
1927 2678 1963 2711 p.
1991 2667 2049 2699 99.
2075 2683 2124 2690 —-
2151 2665 2185 2698 5.
2212 2664 2248 2697 in
2272 2665 2375 2711 iugis]

490 2724 574 2768 „alii
600 2724 719 2769 iugo.“
769 2723 858 2756 Lov.
884 2726 916 2755 1.
939 2735 1015 2755 cum
1038 2721 1112 2756 aliis
1132 2724 1167 2754 in
1191 2724 1304 2768 iuges,
1330 2724 1423 2756 Πὰν.
1447 2724 1482 2755 in
1508 2724 1606 2767 iugis,
1658 2722 1724 2755 Iac.
1752 2722 1949 2755 Gronovius
1977 2723 2081 2755 suasit
2099 2722 2133 2753 in
2159 2723 2254 2767 iugo,
2281 2724 2374 2767 quod

490 2781 794 2818 Drakenborchius
818 2793 888 2816 non
913 2780 985 2816 sine
1007 2779 1101 2814 libris
1122 2782 1261 2827 recepit.
1283 2800 1333 2807 —
1361 2783 1418 2814 12.
1440 2779 1579 2826 afflicti]
1604 2778 1689 2821 „alii
1717 2778 1873 2825 afflictis,
1901 2779 1960 2813 sed
1988 2788 2129 2826 utraque
2155 2779 2257 2815 lectio
2284 2782 2374 2816 bona
