2844 3376
462 480 511 511 22

462 571 683 611 mebant,
710 569 805 615 quod
830 569 866 603 in
893 568 991 604 nullo
1019 569 1139 604 codice
1173 569 1360 614 reperitur,
1393 568 1613 603 scribendum
1638 572 1701 611 sit,
1736 570 1795 605 alii
1820 584 1875 606 me
1908 571 2073 605 acutiores
2104 571 2268 606 viderint:
2290 586 2342 599 *-

461 632 547 668 lbid.
573 628 698 676 itaque]
725 635 822 671 „vet.
848 626 911 664 lib.
936 628 1026 663 ita.“
1076 628 1154 662 Hoc
1180 626 1376 662 Gronovius
1401 624 1494 660 haud
1521 626 1624 662 dubie
1653 640 1699 662 ex
1724 629 1920 673 codicibus,
1945 630 2006 676 qui
2028 630 2070 664 ad
2095 643 2201 667 unum
2220 641 2341 666 omnes

461 695 511 725 ita
536 689 661 724 offerre
686 686 875 728 videntur,
899 686 952 722 illi
978 686 1165 721 substituit.
1217 683 1389 717 Libui-ios
1408 683 1486 716 alibi
1509 684 1594 718 haec
1610 685 1782 718 vocabula
1805 695 2035 731 permutasse,
2061 688 2341 724 Drakenborehi-

462 762 502 784 us
527 747 615 782 infra
637 745 681 780 ad
704 758 781 791 cap.
810 749 868 787 53,
895 747 929 778 7.
956 744 1083 778 docuit.
1114 762 1155 768 -—
1207 743 1241 774 8.
1267 740 1485 787 secabantur]
1523 735 1750 782 „secabantfl
1800 742 1969 779 Gruterus
1993 746 2080 788 hoc,
2106 747 2200 793 quod
2224 755 2341 795 postea

461 810 498 842 in
524 806 621 841 Flor.
648 812 683 839 et
709 803 806 838 Cant.
841 804 1020 836 inventum
1047 807 1118 841 est,
1162 799 1198 832 in
1224 800 1343 835 ultima
1378 800 1528 835 editione
1563 812 1608 834 ex
1633 799 1790 834 Tui-nebi
1824 801 2020 836 coniectura
2052 804 2348 848 Advem.,xln,1

466 869 524 900 18.
552 863 729 911 proposita
762 860 905 905 recepit.
937 858 1027 891 Lov.
1056 861 1087 891 1.
1115 857 1342 901 sectabantur,
1367 859 1462 893 Hav.
1487 858 1707 902 secabantur,
1739 866 1779 893 ut
1802 858 1919 905 plures
1947 859 2009 894 alii
2034 866 2112 895 cum
2139 863 2345 899 editionibus

466 924 629 970 antiquis.
654 939 704 948 --
754 920 772 936 '⁵
787 917 873 951 Ibid.
900 915 987 962 tum]
1014 917 1212 958 „1antum.“
1263 916 1375 951 Prava
1401 915 1485 952 baec
1512 918 1678 965 scriptura
1703 917 1738 951 in
1764 916 1862 951 nullo
1887 918 2007 953 codice
2024 920 2204 966 reperitur.
2252 921 2344 957 Lov.

468 989 500 1020 ι.
535 991 627 1022 tam,
667 979 792 1012 omisso
824 974 1045 1021 praecedenti
1076 976 1201 1018 etiam5
1241 976 1336 1008 Hav.
1369 977 1471 1008 etiam
1505 985 1589 1008 ram.
1622 994 1672 1001 —
1729 976 1816 1009 Ibid.
1842 977 2037 1022 infirmam]
2072 976 2155 1019 „lib.
2190 989 2344 1013 manusc.

465 1038 657 1087 infimam.“
709 1034 767 1068 Sic
793 1033 884 1068 Lov.
908 1037 945 1068 1.
963 1040 997 1066 et
1020 1033 1114 1067 Hav.
1141 1032 1281 1079 aliique.
1332 1034 1411 1068 Hoc
1434 1032 1486 1067 illi
1511 1034 1577 1070 iam
1603 1033 1802 1068 Gronovius
1827 1042 1920 1068 recte
1945 1035 2133 1071 substituit.
2157 1055 2208 1063 --·
2257 1036 2343 1071 Ibid.

464 1095 679 1140 continendo]
706 1093 790 1136 „alii
815 1091 1051 1127 connitendo.“
1102 1092 1152 1125 lta
1177 1093 1396 1126 scribendum
1423 1104 1516 1133 esse,
1550 1093 1659 1126 Faber
1685 1093 1891 1133 cenissima,
1924 1091 1962 1125 id
1988 1093 2081 1138 quod
2106 1101 2252 1130 eventus
2278 1094 2344 1128 do-

464 1156 553 1199 cuit,
580 1153 779 1189 coniectura
805 1151 1003 1198 perspexit,
1039 1150 1200 1196 idemque
1224 1151 1350 1187 vossio
1381 1149 1520 1197 placuit.
1569 1151 1622 1185 Eo
1649 1152 1781 1194 minus,
1807 1164 1914 1197 quum
1939 1162 2032 1185 nunc
2058 1152 2216 1186 codicum
2240 1166 2259 1186 a
2281 1154 2345 1187 Li-
2381 1151 2386 1154 i

466 1216 543 1261 psio
569 1215 807 1258 inspectorum
832 1210 1013 1244 auctoritas
1039 1209 1200 1242 accedere
1225 1209 1400 1249 videatur,
1427 1209 1598 1254 recepisse
1624 1210 1790 1255 poenitet.
1843 1209 2003 1242 Ceterum
2029 1208 2228 1244 connitendo
2253 1210 2342 1244 effe-

467 1274 532 1316 cit,
565 1279 603 1306 ut
637 1268 804 1307 VVolffius
840 1278 903 1314 pro
939 1266 1112 1301 iactandis
1147 1280 1208 1312 per
1234 1280 1383 1301 errorem
1409 1266 1572 1300 iactando
1608 1276 1765 1314 poneret.
1791 1287 1841 1294 —-
1891 1267 1978 1302 Ibid.
2005 1267 2170 1301 indurata
2194 1277 2225 1301 et
2250 1267 2344 1314 alta]

466 1333 526 1374 „in
552 1328 640 1362 dura
667 1335 697 1359 et
725 1325 834 1359 alte.“
887 1325 944 1357 Sic
971 1323 1064 1357 Flor.
1085 1332 1119 1358 et
1144 1324 1241 1357 Cant.
1261 1325 1328 1358 nisi
1353 1325 1447 1371 quod
1471 1325 1507 1358 in
1534 1325 1600 1359 hoc
1627 1325 1754 1360 durata
1778 1325 1916 1374 legitur.
1965 1316 2053 1362 Nam
2067 1327 2104 1362 in
2121 1325 2346 1362 Drakenbor-

465 1390 533 1424 chii
567 1386 786 1422 adnotatione
819 1383 890 1418 alte
921 1396 984 1429 pro
1017 1381 1088 1417 late
1119 1384 1349 1419 scribendum.
1403 1386 1497 1420 Lov.
1528 1392 1559 1422 1.
1595 1387 1631 1419 in
1658 1385 1785 1418 durata
1810 1395 1840 1418 et
1865 1385 1961 1429 lata,
1985 1386 2078 1419 Hav.
2104 1387 2140 1418 in
2165 1384 2292 1418 durata
2316 1395 2347 1418 et

464 1446 552 1481 alra.
584 1444 783 1479 Gronovius
816 1443 946 1488 primus
972 1442 1007 1473 in
1044 1440 1171 1474 durata
1197 1450 1226 1474 et
1260 1441 1330 1475 alte
1355 1451 1513 1476 concreta
1544 1441 1659 1488 glacie
1684 1443 1812 1485 edidit,
1846 1450 1880 1477 et
1910 1442 2095 1490 plerosque
2119 1441 2224 1478 libros
2259 1442 2348 1477 dura

465 1505 590 1540 offerre
616 1501 805 1537 adnotavit.
857 1499 1035 1534 Praeterea
1060 1499 1110 1535 W
1114 1498 1228 1534 olfflus
1254 1500 1311 1535 hie
1337 1514 1475 1547 quoque
1502 1516 1564 1548 per
1582 1514 1732 1536 errorem
1757 1501 1873 1548 lapsus
1899 1504 1971 1536 nive
1985 1514 2048 1548 pro
2070 1500 2185 1547 glacie
2200 1503 2347 1548 scripsit.

564 1563 650 1608 Cap.
683 1558 878 1601 XXXVII,
903 1561 938 1592 2.
971 1557 1203 1602 minuendam]
1240 1557 1324 1601 „lib.
1357 1566 1430 1593 vet.
1465 1559 1721 1594 muniendam.“
1770 1560 1850 1594 Hoc
1886 1572 2042 1606 quoque,
2074 1560 2166 1606 quod
2191 1560 2227 1594 in
2252 1559 2350 1595 Flor-

465 1623 564 1657 Cant.
591 1620 684 1655 Gud.
712 1626 747 1652 et
771 1616 930 1663 pluribus
949 1615 1032 1649 aliis
1059 1616 1235 1650 codicibus
1260 1618 1414 1662 reperiri,
1440 1617 1639 1651 Gronovius
1665 1627 1698 1651 et
1724 1617 2026 1651 Drakenborchius
2050 1625 2227 1661 testantur,
2253 1618 2347 1652 Gru-

464 1689 557 1715 terus
583 1679 619 1713 in
643 1675 765 1712 ultima
791 1674 944 1710 editione
961 1685 1006 1708 ex
1022 1673 1179 1708 Turnebi
1198 1675 1393 1709 coniectura
1419 1675 1583 1711 Adverss.
1600 1676 1696 1720 XIII,
1715 1679 1774 1711 18.
1790 1676 1966 1723 proposita
1983 1676 2124 1722 recepit.
2140 1694 2187 1702 —
2229 1676 2344 1711 *Ibid.

464 1754 524 1786 per
551 1752 653 1785 quam
678 1737 737 1770 via
760 1748 832 1768 una
856 1746 924 1767 esse
947 1733 1097 1778 poterat]
1132 1734 1212 1775 „via
1238 1732 1436 1768 delendum.
1468 1755 1512 1761 —
1554 1748 1658 1767 unam
1690 1734 1912 1782 legendum.“
1961 1734 2035 1767 lmo
2062 1745 2140 1766 cum
2166 1732 2347 1767 Gronovio

468 1806 501 1832 et
527 1792 815 1831 Drakenborchio
841 1803 886 1826 ex
911 1790 1087 1825 codicibus
1113 1791 1250 1837 optimis
1277 1792 1532 1838 reponendum:
1562 1806 1624 1838 per
1649 1806 1752 1839 quam
1776 1805 1881 1825 unam
1906 1792 1962 1825 via
1986 1804 2054 1824 esse
2075 1800 2220 1837 poterat.
2271 1791 2347 1827 Ne-

472 1868 538 1901 que
565 1852 785 1893 crediderim,
811 1850 989 1895 Lipsium‚
1024 1850 1120 1882 cu1'us
1146 1858 1296 1883 mentem
1322 1851 1520 1895 Pyndenius
1552 1851 1608 1885 hic
1641 1863 1779 1896 quoque
1802 1862 1873 1883 non
1899 1850 2079 1884 adsecutus
2107 1862 2180 1884 esse
2196 1850 2347 1894 videtur,

466 1911 674 1948 vocabulum
699 1910 771 1950 via,
797 1907 890 1953 quod
916 1906 1210 1952 transponendum
1237 1916 1344 1949 esset,
1373 1907 1559 1942 delendum
1586 1909 1773 1943 censuisse.
1790 1927 1836 1935 —
1889 1908 1924 1944 4.
1947 1909 2096 1941 iumenta
2119 1920 2225 1954 prope
2238 1908 2349 1956 fame

465 1968 742 2014 absumebantur]
767 1967 944 2010 „iumentis
967 1978 1073 2010 prope
1087 1963 1197 2011 fame
1222 1966 1447 2011 absumptis.“
1498 1968 1577 2000 Hoc
1610 1967 1678 1999 lac.
1705 1966 1904 1999 Gronovius
1931 1977 1974 1998 ex
2000 1965 2101 2006 solis,
2135 1973 2172 1998 ut
2196 1966 2345 2007 videtur,

464 2029 639 2063 codicibus
666 2025 758 2059 Flor.
784 2031 818 2057 et
844 2023 942 2057 Cant.
976 2022 1107 2064 edidit3
1140 2021 1228 2055 illud
1264 2024 1370 2056 ceteri
1398 2024 1440 2056 ad
1467 2035 1573 2056 unum
1604 2034 1723 2057 ornnes
1757 2028 1907 2056 servant.
1957 2021 2096 2069 Lipsius
2122 2022 2225 2070 igitur
2250 2021 2348 2068 alios,

466 2100 552 2134 quos
587 2084 801 2126 consuleret,
835 2082 972 2116 codices
998 2082 1129 2116 habuit.
1156 2100 1204 2107 -
1257 2086 1291 2116 5.
1316 2080 1419 2114 vallis
1454 2082 1604 2125 apricos]
1637 2079 1768 2122 „valles
1793 2089 1823 2112 et
1848 2081 2021 2125 apricos.“
2068 2080 2159 2113 Lov.
2188 2086 2219 2116 1.
2245 2081 2348 2115 vallis

464 2147 621 2191 apricos,
657 2143 752 2175 Hav.
778 2138 888 2173 valles
915 2141 1063 2185 apricos.
1116 2138 1421 2172 Drakenborchius
1447 2146 1560 2172 autem
1587 2150 1632 2172 ex
1658 2137 1755 2172 Cant.
1783 2149 1852 2172 uno
1879 2136 1981 2172 Crev.
2008 2144 2042 2172 et
2067 2137 2156 2173 Lov.
2182 2141 2215 2174 3.
2240 2138 2348 2175 valles

463 2213 494 2237 et
521 2203 658 2249 apricos
683 2198 851 2246 quosdam
879 2196 982 2232 colles
1011 2198 1161 2242 recepit,
1196 2197 1290 2242 quod
1323 2197 1463 2241 Lipsius
1498 2209 1635 2241 quoque
1668 2209 1711 2229 ex
1738 2196 1855 2229 codice
1882 2197 1998 2229 nescio
2025 2208 2093 2240 quo
2118 2197 2271 2242 protulit.
2297 2218 2348 2225 --

463 2262 481 2278 ³
507 2260 592 2295 lbid.
619 2256 741 2304 etiam]
777 2255 863 2300 „Iib.
898 2263 969 2289 vet.
997 2263 1027 2288 et
1052 2256 1164 2288 iam.“
1216 2254 1294 2289 Hoc
1329 2253 1633 2290 Drakenborchius
1668 2267 1711 2289 ex
1737 2253 1907 2290 Gronovii
1933 2254 2190 2300 emendatione,
2217 2257 2346 2293 codici,

469 2321 666 2355 auctoritate
701 2329 795 2351 nunc
828 2316 1045 2356 confirmata,
1080 2314 1132 2347 illi
1158 2314 1342 2348 substituit.
1394 2314 1514 2346 Paullo
1547 2322 1625 2358 post
1651 2314 1836 2355 XVolffius,
1865 2326 1969 2358 quum
1996 2313 2191 2349 Crevierius
2218 2317 2289 2348 iam
2316 2325 2346 2348 et

467 2377 549 2410 locis
573 2373 791 2410 mollioribus.
813 2381 843 2406 ct
869 2370 1073 2406 adcolarum
1099 2373 1241 2418 ingeniis
1265 2372 1445 2415 suasisset,
1472 2369 1685 2405 mollioribus
1710 2372 1782 2405 iam
1808 2380 1838 2405 et
1862 2369 1946 2406 locis
1971 2380 2001 2405 et
2027 2370 2231 2409 adcolarum
2248 2374 2345 2420 inge·

468 2438 532 2468 niis
557 2432 705 2469 scribere
731 2432 863 2467 maluit.
917 2431 1096 2465 Bekkerus
1122 2430 1302 2464 Gronovio
1329 2430 1383 2463 hie
1409 2442 1547 2475 quoque
1573 2439 1603 2462 et
1628 2432 1700 2463 iam
1727 2430 1888 2464 scribenti
1914 2432 2096 2464 obsecutus
2120 2439 2181 2465 est.

567 2491 649 2536 Cap.
676 2490 881 2533 XXXVIII,
908 2493 942 2525 3.
969 2487 1192 2534 Alimentius]
1219 2486 1474 2532 „Alimentus.“
1525 2488 1593 2522 lam
1618 2488 1793 2535 Sigonius,
1817 2487 1920 2534 quem
1945 2487 2091 2535 Lipsius*
2109 2497 2246 2524 secutus
2272 2503 2346 2525 esse

469 2551 618 2591 videtur,
644 2549 709 2581 hoc
736 2559 779 2581 ex
803 2557 864 2580 vet.
889 2546 949 2581 lib.
977 2548 1135 2581 restituit.
1151 2566 1201 2572 —
1244 2548 1260 2563 '⁶
1278 2546 1363 2580 Ibid.
1391 2548 1546 2579 maxime
1571 2546 1692 2580 author
1725 2555 1867 2579 moveret
1893 2546 1961 2591 me]
1994 2545 2081 2588 ‚,lib.
2107 2559 2239 2581 manus.
2265 2561 2345 2580 ma-

467 2611 584 2643 ximus
609 2618 663 2638 me
688 2613 786 2638 autor
810 2607 986 2637 moveret.“
1037 2605 1117 2638 Hoc
1143 2605 1177 2637 in
1204 2603 1301 2637 nullo
1328 2604 1446 2637 codice
1473 2605 1652 2650 reperitur.
1697 2604 1786 2637 Lov.
1815 2607 1848 2639 1.
1875 2604 2031 2638 maxime
2055 2613 2174 2639 auctor
2192 2613 2345 2649 moveret,

466 2675 501 2702 et
526 2667 621 2701 Hav.
648 2664 826 2697 maximus
851 2670 968 2696 auctor
993 2671 1146 2706 moveret,
1173 2663 1297 2697 omisso
1325 2676 1388 2704 me,
1415 2663 1510 2708 quod
1534 2664 1602 2697 Iac.
1631 2663 1829 2697 Gronovius
1855 2663 1901 2697 ita
1927 2663 2090 2704 servavit,
2117 2664 2153 2695 'ut
2179 2674 2223 2695 ex
2248 2662 2344 2697 Cant.

466 2727 626 2760 maxime
651 2730 771 2757 auctor
797 2733 849 2753 me
874 2728 1014 2753 moveret
1039 2721 1075 2753 in
1101 2721 1262 2755 orationis
1288 2728 1490 2753 contextum
1515 2721 1694 2765 reciperet.
1712 2740 1761 2746 —
1812 2721 1861 2756 *5
1888 2722 1924 2752 in
1952 2720 2131 2763 Taurinis]
2159 2719 2243 2760 ‚‚lib.
2269 2733 2343 2752 ma-

437 2769 544 2818 -inus.
572 2795 591 2815 e
620 2779 889 2814 Tam-inis'.“—
924 2776 1010 2810 Ibid.
1040 2775 1171 2824 Gallis]
1206 2775 1412 2821 „Galliae.“
1462 2777 1518 2812 Sic
1545 2776 1644 2812 Cant.
1672 2775 1840 2813 solus.-
1887 2775 1973 2812 lbid.
2000 2774 2163 2823 digresso]
2190 2776 2343 2825 „digres-
