2844 3382
2342 483 2385 514 37

521 592 843 637 Drakenborchius,
869 601 976 638 quum
1001 596 1099 623 antea
1122 586 1315 622 levaverant
1337 585 1487 618 animum
1513 581 1674 630 religione
1693 589 1727 615 et
1751 579 1943 615 levaverant
1968 581 2100 615 animos
2126 577 2287 626 religione
2307 578 2388 612 ede-

521 665 632 699 retur,
658 666 704 689 ex
729 652 904 687 codicibus
931 650 1068 697 optimis
1093 648 1241 694 recepit:
1269 646 1459 681 levaverant
1487 644 1645 690 religione
1671 643 1815 677 animos.

619 712 703 758 Cap.
728 708 856 753 LXIII,
889 709 908 727 ¹⁵
928 706 1174 760 3·’†827{C¹⁰¹†l'3⁹]
1203 704 1457 756 ·„senaior·iu5.“
1507 703 1584 735 Hoc
1609 703 1742 748 ipsum,
1776 711 1883 745 quum
1908 698 2011 732 Alex.
2046 699 2198 732 Roeilius
2224 709 2284 744 pro
2312 698 2389 743 qui-

519 786 558 809 ve
578 770 741 807 senatoris
755 777 852 817 pater
865 766 1012 817 fuisset,
1036 767 1167 813 in--qno
1192 775 1294 799 nemo
1320 774 1391 797 non
1418 760 1589 802 offendet,
1616 761 1703 794 cuive
1719 755 1870 793 ssenator
1892 766 1992 806 pater
2008 756 2155 807 fuisset,
2183 756 2273 802 quod
2295 755 2387 788 Bek-

519 833 625 867 kerus
657 829 803 875 recepit,
837 826 1009 861 Strothius
1043 826 1238 863 coniectura
1273 823 1453 855 adsecutus
1487 819 1614 852 edidit:
1657 820 1746 852 cuive
1772 820 1957 851 senatorius
1989 827 2089 864 pater-
2108 816 2256 863 jiaissct,
2299 814 2387 858 quod

519 885 925 937 Baumgarten-Crusius
947 884 1043 918 iuxta
1059 893 1195 916 meeum
1220 879 1366 914 admisit.
1415 878 1490 913 Nec
1514 877 1633 911 fecisse
1660 876 1857 922 poenitebit.
1909 876 2046 909 Etenim
2077 887 2149 908 non
2176 872 2287 908 solum
2308 883 2388 917 pro-

520 950 616 996 pius,
643 959 746 993 quam
769 944 897 993 Roeliii
914 951 1068 982 senator,
1095 940 1137 973 ad
1160 939 1318 973 codicum
1343 937 1543 983 scripturam
1568 935 1709 977 accedit,
1736 934 1797 968 sed
1820 934 1920 967 etiam
1944 934 2071 980 Lipsii,
2099 946 2203 979 quem
2219 940 2252 965 et
2269 932 2389 977 ipsum,

520 1007 602 1042 licet
617 1000 923 1052 Pyndmiuslnihil
939 995 1171 1041 adnotaverit,
1195 1010 1258 1045 pro
1276 997 1387 1044 quive,
1416 995 1508 1041 quod
1527 994 1607 1028 ferri
1631 993 1768 1040 nequit,
1795 993 1885 1027 cuive
1908 993 2010 1027 scribi
2033 991 2199 1035 voluisse,
2225 1000 2389 1037 perquam

521 1064 697 1115 probabile
724 1069 794 1105 est,
822 1060 1018 1094 auctoritate
1045 1059 1271 1110 confirmatur.
1321 1054 1487 1091 XVolffius
1513 1054 1600 1086 inter
1624 1060 1805 1096 utrumque
1831 1043 2018 1085 fluctuans:
2044 1051 2160 1093 „Aut‚
2188 1049 2317 1095 inquit,
2346 1058 2389 1079 ex

522 1123 667 1159 Strothii
690 1122 884 1155 coniectura
909 1120 999 1153 cuive
1022 1118 1208 1151 senatorius
1230 1124 1329 1161 pater
1350 1112 1472 1160 fuisset
1497 1123 1560 1159 pro
1579 1112 1671 1156 quive
1695 1111 1857 1143 senatoris
1882 1119 1979 1154 pater
1993 1108 2141 1156 fuisset,
2169 1109 2261 1154 quod
2288 1119 2389 1141 sensu

524 1182 723 1219 destitutum
747 1187 816 1223 est,
843 1185 901 1214 aut
925 1175 1029 1213 Alex.
1053 1173 1188 1212 Roellio
1214 1172 1379 1218 suadente
1406 1170 1496 1206 cuive
1514 1176 1655 1217 *senator
1678 1175 1776 1216 pater
1791 1165 1939 1217 fuisset,
1976 1179 2049 1203 esse
2075 1165 2272 1215 legendum,
2299 1163 2391 1198 omni

523 1242 733 1277 dubitatione
759 1240 886 1272 caret.“
935 1235 1087 1270 voculas
1102 1236 1156 1268 cui
1172 1242 1206 1267 et
1221 1234 1281 1279 qui
1296 1245 1316 1264 a
1335 1231 1479 1264 librariis
1504 1229 1706 1275 permutari,
1733 1227 2034 1260 Drakenborchius
2061 1227 2102 1259 ad
2127 1226 2207 1258 Liv.
2234 1225 2304 1266 IX,
2333 1224 2389 1263 34,

523 1300 581 1335 14.
597 1298 786 1335 docuin—
810 1298 845 1331 7.
857 1296 996 1330 comitia
1009 1291 1223 1340 praetor-um]
1240 1289 1464 1334 „conscientia
1477 1286 1771 1334 p1·aeieriior·um.“
1797 1285 1875 1318 Hoc
1891 1283 1953 1327 illi,
1971 1284 2062 1330 quod
2076 1284 2111 1317 in
2128 1283 2181 1317 ed.
2201 1282 2303 1329 Mog.
2315 1281 2390 1327 pri-

521 1371 617 1395 mum
634 1354 835 1402 comparuit,
862 1365 907 1387 ex
923 1350 1036 1385 Paulli
1051 1349 1205 1384 Manutii
1225 1348 1417 1381 coniectura
1431 1345 1573 1392 Sigonio
1590 1345 1730 1390 probata
1748 1343 1996 1376 substituerunt
2011 1354 2073 1388 pro
2093 1342 2251 1375 codicum
2267 1339 2388 1386 plero-

521 1428 687 1462 rumque,
712 1414 748 1447 in
763 1412 887 1461 quibus
909 1418 943 1444 et
959 1410 1052 1444 Hav.
1069 1421 1143 1443 esse
1161 1405 1461 1441 Drakenborchius
1487 1403 1683 1443 adnotavit,
1710 1409 1744 1434 et
1761 1401 1950 1434 editionum
1975 1400 2182 1447 Moguntina
2214 1397 2389 1443 antiquio-

522 1488 599 1523 rum
618 1470 766 1507 lectione
786 1469 1003 1503 conscientias
1018 1474 1233 1513 praetor-um,
1259 1477 1361 1510 quam
1377 1462 1575 1497 Gronovius
1595 1458 1831 1493 emendatione
1843 1484 1853 1500 ,
1873 1459 1922 1490 uti
1939 1457 2118 1500 facillima,
2145 1458 2190 1490 ita
2206 1456 2392 1490 certissima

522 1535 560 1571 in
574 1529 776 1569 conscientia
799 1535 985 1575 spretorum
1000 1525 1157 1559 mutavit.
1171 1543 1220 1550 -—
1251 1524 1269 1541 '⁶
1288 1525 1323 1556 9.
1343 1518 1535 1569 profectus]
1550 1514 1839 1564 „prqfecturnsfl
1871 1515 2050 1549 Praeterea
2074 1514 2305 1560 interpunctio
2325 1512 2390 1545 mi-

523 1584 627 1633 nima,
649 1599 750 1635 quam
773 1587 921 1620 Ebertus
938 1584 1070 1624 omisit,
1094 1582 1175 1614 huic
1199 1579 1370 1615 vocabulo
1389 1586 1440 1612 est
1462 1578 1629 1618 subiecta,
1656 1583 1694 1608 ut
1708 1575 1945 1620 seiungeretm·
1961 1587 1980 1606 a
2000 1573 2240 1618 sequentibus:
2266 1573 2299 1603 in
2321 1568 2390 1603 Ca-

522 1647 679 1701 pitolium
706 1644 759 1698 ad}
777 1648 857 1680 vota
881 1638 1120 1690 nuncupanda.
1170 1637 1359 1688 Vulgatum
1384 1645 1517 1679 tamen,
1543 1634 1624 1669 licet
1647 1631 1726 1667 Liv.
1754 1631 1813 1675 III,
1849 1633 1905 1666 17.
1930 1630 2083 1679 legatur:
2108 1642 2167 1665 nec
2191 1630 2239 1663 ire
2264 1630 2298 1663 in
2319 1625 2388 1663 Ca-

522 1708 681 1759 pitolium
705 1702 821 1740 consul
844 1704 964 1749 potuit,
990 1714 1053 1747 pro
1080 1700 1286 1735 adscendere
1303 1699 1377 1732 sive
1394 1697 1508 1742 potius
1530 1692 1688 1739 adgredi,
1705 1692 1816 1737 Lipsii
1843 1692 2058 1725 coniecturae
2083 1702 2154 1723 non
2177 1689 2389 1735 posthaben-

526 1770 608 1804 dum
632 1777 705 1817 esse
720 1761 931 1798 crediderim.
971 1759 1098 1794 Contra
1123 1772 1162 1793 ea
1186 1759 1267 1793 Liv.
1293 1755 1468 1798 XXXIV,
1491 1756 1547 1787 16.
1573 1749 1807 1799 profecturum
1827 1750 1950 1791 etiam,
1967 1761 2073 1795 quum
2096 1747 2306 1794 praecedens
2328 1743 2390 1777 ciu-

525 1823 656 1864 cturum
682 1820 830 1858 errorem
843 1819 1039 1866 praebuisse
1057 1817 1253 1858 videretur,
1280 1814 1466 1849 certissima
1481 1817 1663 1857 auguratus
1690 1808 1901 1849 coniectura,
1927 1819 2028 1852 quam
2044 1813 2162 1852 postea
2180 1805 2254 1838 cod.
2274 1804 2391 1835 Bamb.

526 1878 723 1921 auctoritate
741 1894 759 1916 a
775 1879 937 1916 Goellero
962 1876 1119 1925 neglecta
1144 1876 1373 1910 confirmatam
1400 1882 1492 1912 esse,
1518 1870 1553 1901 in
1580 1869 1692 1902 Vann.
1720 1867 1792 1901 crit.
1819 1880 1854 1912 p.
1883 1868 1940 1899 59.
1957 1877 2007 1909 sq.
2029 1863 2165 1905 monui,
2201 1862 2236 1894 in
2264 1858 2389 1907 profc-

526 1952 617 1979 ctum
632 1943 736 1975 eiiam
751 1939 894 1980 mutavi,
920 1937 1013 1982 quod
1027 1937 1282 1980 Baurngarten-
1294 1930 1432 1964 Crusins
1453 1935 1486 1961 et
1510 1926 1688 1960 Bekkerus
1705 1932 1795 1958 recte
1815 1923 2033 1956 admiserunt.
2070 1920 2247 1954 Bekkerus
2265 1927 2390 1960 tamen,

525 2006 567 2039 ut
578 2001 675 2045 soIet‚
694 2013 730 2035 se
746 1998 830 2033 mihi
846 1997 1047 2032 obsecutum
1063 2006 1155 2034 esse,
1182 1990 1340 2025 adnotare
1358 1984 1559 2033 supersedit.
1575 2005 1623 2010 —
1659 1982 1746 2018 Ibid.
1767 1979 1987 2029 Capitolium]
2014 1978 2096 2023 „lib.
2113 1989 2263 2013 manusc.
2283 1975 2390 2023 Capi-

525 2060 648 2097 totsof‘
681 2059 738 2092 Sic
753 2058 843 2090 Lov.
860 2059 892 2088 1.
911 2063 944 2087 et
959 2055 1051 2086 Hav.
1068 2052 1197 2095 aliique
1211 2048 1415 2093 complures.
1428 2066 1471 2072 —
1510 2043 1596 2076 Ibid.
1627 2042 1812 2088 paludatus
1824 2040 1899 2074 inde
1913 2039 1959 2072 ad
1975 2039 2184 2084 provinciam
2204 2037 2281 2082 iret]
2309 2036 2391 2078 ‚,lib.

526 2124 616 2155 imus
641 2128 732 2151 man.
756 2113 927 2148 interserit
950 2121 1094 2152 vocem,
1133 2120 1208 2141 cum
1233 2104 1407 2139 lictoribus
1431 2104 1466 2136 in
1489 2102 1743 2148 provinciam.“
1793 2100 1861 2132 Hic
1888 2097 2018 2139 codex,
2045 2097 2080 2130 in
2108 2096 2202 2129 cuius
2228 2095 2393 2139 scriptura

527 2175 730 2226 proferenda
755 2174 902 2207 Ebertus
926 2170 973 2205 ita
998 2168 1172 2216 peccavit,
1200 2174 1257 2209 ut,
1280 2161 1451 2200 vocabulo
1476 2159 1561 2195 inde·
1580 2160 1718 2202 omisso,
1743 2157 1928 2205 paludatus
1955 2170 2028 2191 cum
2054 2154 2223 2190 lictoribus
2247 2154 2282 2186 in
2306 2166 2393 2199 pro-

526 2236 675 2271 vinciam
700 2237 863 2280 poneret,
890 2242 908 2263 a
932 2228 1023 2263 Lov.
1051 2230 1085 2261 1.
1111 2233 1146 2260 et
1169 2225 1262 2259 Hav.
1287 2224 1324 2257 in
1351 2222 1473 2268 quibus
1498 2220 1603 2254 verba
1629 2231 1704 2252 cum
1730 2216 1919 2258 lictoribus,
1945 2226 1964 2247 a
1989 2214 2164 2248 Gronovio
2191 2223 2236 2245 ex
2262 2212 2394 2245 codici-

528 2297 593 2330 bus
614 2292 751 2340 optimis
767 2289 931 2330 restituta,
956 2299 1028 2320 non
1053 2285 1282 2332 reperiuntur,
1309 2281 1400 2315 haud
1426 2279 1528 2313 dubie
1555 2278 1710 2312 diversus
1735 2276 1811 2310 fuit.
1861 2274 2037 2307 Praeterea
2061 2271 2239 2305 Bekkerus
2266 2282 2395 2304 eorun-

529 2354 611 2389 dem
642 2350 800 2386 codicum
832 2345 1030 2380 auctoritate
1062 2350 1259 2391 commotus·
1274 2350 1337 2385 pro
1364 2336 1412 2370 ad
1433 2336 1645 2382 provinciam
1670 2335 1769 2366 tacite
1795 2331 1952 2377 quidem,
1991 2330 2052 2364 sed
2076 2337 2167 2363 recte
2193 2330 2228 2361 in
2252 2328 2395 2374 provin-

529 2414 621 2448 ciam
653 2408 818 2457 reposuit.
876 2406 930 2440 De
955 2417 996 2438 re
1017 2403 1090 2438 vid.
1124 2401 1278 2436 Gronov.
1311 2396 1353 2431 ad
1383 2395 1462 2430 Liv.
1489 2393 1583 2436 XLI,
1614 2397 1669 2435 10,
1696 2398 1727 2427 5.
1754 2411 1803 2418 —
1841 2392 1896 2427 15.
1932 2391 1967 2424 in
2002 2388 2203 2423 Hem-uriam
2238 2387 2310 2421 iam
2338 2400 2397 2434 per

529 2468 705 2517 Apennini
728 2464 903 2510 tramites]
931 2461 1015 2506 ,‚lib.
1042 2466 1076 2496 3.
1101 2470 1251 2492 manusc.
1277 2467 1348 2488 non
1372 2454 1499 2486 habent
1518 2464 1641 2501 vocem
1667 2452 1776 2483 iam.“
1826 2450 1905 2482 Hoc
1930 2447 2156 2489 vocabulum,
2190 2459 2261 2479 non
2288 2445 2397 2479 solum

530 2531 567 2564 in
589 2528 680 2561 Lov.
709 2531 742 2562 1.
769 2532 803 2559 et
827 2524 921 2558 Hav.
953 2530 1054 2568 atque
1087 2518 1186 2553 tertio
1211 2514 1323 2562 Lipsii
1355 2512 1490 2555 codice,
1523 2510 1584 2546 sed
1614 2511 1650 2544 in
1676 2508 1797 2544 ceteris
1824 2519 1960 2553 quoque
1987 2506 2148 2541 omnibus
2175 2505 2338 2541 omissum
2366 2510 2397 2536 et

535 2599 579 2622 ex
601 2582 820 2635 praecedenti
842 2581 982 2616 nomine
1007 2577 1185 2615 Etr-uriam*
1206 2574 1407 2622 repetitum,
1442 2569 1637 2605 Gronovius
1663 2576 1753 2603 reete
1780 2566 2034 2602 exterminavit.

1309 2695 1631 2724 connlossnnx.

832 2759 904 2796 Peg.
924 2756 974 2786 21.
994 2754 1049 2785 lin.
1070 2754 1099 2782 7.
1121 2761 1177 2792 pro
1198 2740 1235 2780 „¹22
1256 2759 1313 2779 ser.
1335 2746 1391 2786 nh,
1421 2758 1491 2788 pag.
1508 2745 1557 2774 23.
1579 2744 1634 2773 lin.
1656 2739 1707 2771 34.
1730 2752 1787 2783 pro
1807 2742 1856 2770 111.
1881 2742 1908 2769 1.
1930 2750 1986 2769 scr.
2009 2739 2055 2777 111:
2081 2740 2105 2765 z.

1070 2809 1099 2832 et
1113 2812 1186 2843 ρας»
1198 2797 1249 2830 24.
1270 2799 1325 2829 lin.
1348 2798 1398 2827 17·
1419 2807 1474 2838 pro
1496 2795 1547 2833 ΙΙΙ,
1569 2793 1633 2824 160.
1653 2802 1711 2823 scr.
1734 2791 1785 2829 ΙΙΙ,
1809 2790 1858 2820 60.
