2844 3376
480 479 528 512 28
1158 471 1180 497 a

479 586 527 609 ex
548 577 649 620 'parte
673 569 722 606 ad
744 568 844 619 pedes
868 584 987 618 pugna
1011 572 1111 615 ierat,
1145 569 1204 605 vel
1236 575 1382 603 venerat.
1441 566 1521 603 Hoc
1555 564 1948 634 Baumgarteri-Cm'sius
1981 572 2017 600 et
2047 562 2234 599 Bekkem
2263 562 2363 597 iuxta

478 645 615 667 meeum
639 629 891 678 praetulerunt.
942 629 1107 663 Similiter
1130 628 1210 661 Liv.
1238 626 1280 669 11,
1307 624 1366 657 46.
1386 636 1505 669 pugna
1529 626 1603 658 iam
1626 626 1665 658 in
1688 636 1836 668 manao)
1844 624 1924 661 iam
1940 621 2002 657 acl·
2013 620 2162 669 gladios,
2180 619 2238 655 uhi
2254 617 2364 654 Mare

480 698 527 726 est
552 689 798 733 atrocissimus,
823 695 969 723 venerat.
1005 686 1077 722 Cic.
1102 686 1139 720 in
1164 685 1262 720 Verr.
1288 682 1334 725 V,
1363 683 1420 716 11.
1448 694 1500 716 res
1518 682 1623 716 venit
1631 680 1681 716 ad
1942 680 2051 717 meh.
2069 680 2196 716 Sertor.
2213 691 2287 727 cap.
2305 680 2363 715 19

481 748 700 796 Γενομένης
724 745 767 783 δὲ
792 746 861 794 τῆς
884 742 1007 792 μάχης
1031 742 1071 779 ἐν
1092 739 1232 789 χερσίκ
1284 740 1445 774 Ceterum
1470 738 1771 781 ef.Liv.xxl1;
1883 739 1947 776 ubi
1971 750 2087 786 pugna
2120 738 2202 773 huic
2227 730 2364 772 amilli-

481 819 539 842 ma
564 807 782 842 describitur.
808 824 857 831 -—-
882 799 1145 846 *10.servum]
1183 797 1370 842 „Ser-vium.
1374 800 1396 818 “
1453 798 1550 833 Haec
1583 792 1926 863 IWconie'ctura
1958 807 2022 844 per
2054 808 2092 832 se
2125 796 2265 843 quidem
2294 806 2365 831 non

485 866 659 913 displicet.
710 865 832 899 Obstat
857 870 979 900 tamen,
1007 860 1036 893 si
1062 858 1145 903 quid
1171 859 1280 903 sapio,
1317 869 1445 891 nomen
1479 858 1688 891 Romanum·
1692 854 1838 890 ‘homini
1868 855 2051 902 Ligustino
2083 853 2266 887 inditum‘.
2292 853 2368 889 Ne·

487 939 556 973 que
581 922 757 973 probabile
785 928 845 964 est,
872 931 980 954 unum
1006 929 1051 951 ex
1076 916 1276 965 Liguribus,
1301 916 1480 964 perpetuis
1505 914 1629 964 ΡοΡ1111
1660 914 1806 950 Romani
1839 912 2022 957 hostibus,
2044 912 2104 959 qui
2137 910 2304 956 Poenum,
2329 920 2368 947 ut

486 986 609 1018 Livius
635 982 753 1020 XXII,
781 983 839 1014 33.
867 979 923 1019 ait,
951 977 1074 1022 opibus
1117 976 1324 1019 auxiliisque
1361 976 1431 1008 suis
1465 976 1646 1014 iuvissent,
1681 975 1717 1006 in
1752 974 1869 1006 castris
1899 972 2064 1005 Romanis
2096 970 2270 1019 militasse.
2320 972 2369 1003 At

487 1053 625 1078 servum
651 1037 789 1073 natione
814 1035 880 1084 Lig
868 1047 983 1071 utem
1018 1033 1060 1069 ab
1092 1031 1199 1069 latere
1235 1031 1386 1069 consulis
1420 1031 1543 1076 fuisse,
1577 1044 1642 1068 cur
1670 1043 1809 1079 negem,
1843 1042 1915 1066 11011
1945 1029 2092 1077 reperio.
2144 1026 2277 1064 Certius
2304 1036 2366 1072 est,

486 1100 711 1134 Matthiaeum
737 1097 820 1130 Liv.
846 1095 987 1136 XXIV,
1016 1095 1049 1128 5.
1078 1092 1246 1136 calonem,
1274 1105 1379 1138 quum
1403 1092 1470 1124 iam
1500 1090 1673 1124 Strothius
1706 1088 1871 1124 calonem
1897 1088 2071 1130 edidisset,
2106 1095 2140 1121 et
2174 1095 2252 1121 ante
2289 1099 2368 1121 eum

487 1158 678 1193 Olivierius
704 1156 748 1190 ad
772 1154 890 1190 Valet.
916 1153 1014 1188 Max.
1048 1152 1108 1195 111,
1135 1156 1170 1187 3.
1199 1160 1268 1185 ext.
1297 1156 1330 1187 5.
1356 1152 1404 1184 ita
1428 1149 1646 1185 scribendum
1680 1148 1881 1191 censuisset,
1907 1154 1999 1181 recte
2025 1145 2074 1179 111
2089 1143 2267 1180 Callonem
2289 1158 2369 1180 mu-

488 1224 579 1250 tasse
606 1222 709 1260 atque
735 1214 839 1247 huius
866 1211 1062 1245 mutationis
1089 1209 1219 1255 optime
1245 1209 1411 1242 rationem
1437 1206 1627 1241 reddidisse
1652 1206 1688 1239 in
1714 1204 1855 1248 libello,
1890 1204 1950 1251 qui
1974 1202 2192 1237 inscribitur.
2224 1201 2368 1236 Bemer-

489 1274 619 1319 kungen
642 1286 685 1306 zu
711 1271 774 1305 den
799 1268 1018 1303 ,Εἱιίαηίεοῆ-
1022 1266 1242 1313 Polybiechen
1273 1266 1560 1311 Beschreibungen
1590 1263 1649 1297 der
1673 1262 1837 1297 Schlacht
1869 1263 1930 1309 bey
1956 1260 2099 1296 Cannae
2119 1259 2189 1293 und
2214 1259 2273 1293 der
2297 1260 2369 1294 Be—

487 1330 653 1377 loger-ung
676 1341 740 1362 von
765 1324 928 1376 Syrakus.
972 1322 1126 1373 Franks.
1153 1326 1260 1361 1807.
1285 1337 1321 1371 p.
1351 1325 1409 1361 14.
1437 1323 1494 1358 cui
1520 1321 1701 1360 XValchius
1737 1320 1932 1356 Emendatt.
1965 1321 2045 1356 Liv.
2064 1334 2106 1387 p.
2136 1321 2221 1354 183.
2249 1318 2370 1353 nobis-

487 1402 566 1424 cum
592 1386 819 1432 adstipulatus
847 1393 908 1419 est.
959 1384 1139 1425 Bekkerus
1166 1392 1279 1417 autem
1305 1383 1429 1417 horum
1457 1383 1612 1416 omniurn
1636 1382 1776 1427 ignarus
1803 1380 1987 1422 Coetierio,
2014 1380 2074 1424 qui
2099 1380 2135 1412 in
2151 1379 2242 1411 notis
2259 1377 2369 1411 Grae-

487 1447 538 1482 vii
564 1445 607 1479 ad
631 1444 775 1479 Sueton.
801 1441 922 1478 Vitell.
950 1453 1024 1489 cap.
1055 1444 1112 1477 12.
1138 1454 1198 1489 per·
1227 1438 1388 1475 Gelonem
1415 1437 1597 1488 quemdam
1620 1437 1808 1485 legendum
1835 1449 1909 1472 esse
1936 1437 2092 1480 coniecit,
2128 1436 2216 1470 hanc
2251 1447 2371 1469 emen-

489 1506 663 1540 dationem
683 1517 702 1538 a
723 1500 1100 1549 Baumgarten-Crusio
1128 1513 1267 1546 quoque
1292 1508 1465 1545 receptam
1490 1499 1576 1533 falso
1601 1499 1731 1532 tribuit.
1757 1516 1807 1523 -—·
1842 1497 1931 1530 Ibid.
1956 1494 2109 1541 Malim]
2136 1494 2372 1537 „Malimusf‘

489 1564 548 1598 Sic
573 1563 665 1597 Lov.
693 1564 727 1595 1.
753 1569 787 1595 et
810 1561 905 1594 Hav.
932 1559 1070 1605 aliique.
1097 1578 1146 1585 —-
1192 1558 1279 1591 Ibid.
1306 1558 1452 1603 servum]
1488 1558 1580 1600 „et.“
1614 1556 1679 1590 Pro
1705 1568 1834 1589 servum
1850 1552 1965 1602 fama
1992 1553 2143 1597 obtinuit,
2170 1552 2263 1599 quod
2290 1551 2372 1586 olim

490 1622 666 1663 edebatur,
692 1618 855 1666 etfama
882 1617 1022 1652 obtinuit
1049 1628 1094 1650 ex
1120 1616 1295 1650 codicibus
1322 1616 1461 1661 optimis
1488 1623 1521 1649 et
1547 1615 1601 1648 ed.
1624 1614 1715 1647 lunt.
1740 1613 1888 1658 restituit
1918 1612 2124 1647 Gronovius
2150 1609 2374 1657 adstipulatus

489 1680 623 1726 Lipsio,
650 1678 710 1724 qui
734 1677 845 1724 Epist.
872 1676 1013 1720 Quaest.
1040 1674 1069 1717 I,
1098 1678 1133 1708 3.
1158 1674 1243 1708 haec
1270 1673 1467 1707 adnotavit:
1493 1685 1647 1716 „servum
1664 1671 1779 1720 fama
1805 1670 1956 1715 obtinuit]
1984 1669 2084 1703 Certe
2104 1669 2238 1703 falsumz
2266 1667 2371 1715 Com-

491 1739 606 1772 munis
633 1737 724 1770 enim
750 1736 838 1769 fama
864 1735 907 1769 de
933 1733 1016 1777 filio,
1041 1746 1112 1767 non
1138 1744 1262 1768 servo:
1301 1741 1335 1770 et
1370 1733 1416 1765 ita
1451 1732 1632 1778 scriptores
1657 1738 1792 1777 praeter
1823 1727 1992 1774 Coelium.
2041 1728 2136 1762 Bene
2161 1727 2265 1774 igitur
2291 1737 2370 1760 mss.

493 1794 667 1830 tradidere
692 1802 845 1828 auctores
869 1802 917 1827 set
930 1792 1066 1839 fama:
1102 1792 1131 1826 si
1156 1799 1269 1824 tamen
1296 1790 1448 1836 ablegata
1473 1789 1585 1822 littera
1610 1788 1652 1821 ad
1677 1789 1826 1834 priorem
1852 1786 2018 1831 syllabam
2042 1785 2148 1832 legas,
2174 1793 2205 1817 et
2216 1783 2343 1831 fama.
2346 1785 2372 1803 ⁴'‘

492 1854 632 1900 Lipsius
657 1852 762 1899 igitur
786 1852 853 1884 iam
881 1858 965 1892 tum,
994 1861 1099 1896 quum
1126 1848 1280 1882 codicem
1308 1847 1526 1881 Cuiacianum
1552 1846 1627 1880 sive
1651 1845 1743 1881 Lov.
1772 1849 1807 1879 1.
1833 1843 1989 1879 nondum
2014 1836 2215 1891 accepisset,
2249 1853 2370 1877 versa-

490 1915 546 1947 bat
572 1912 719 1953 codices,
747 1910 806 1955 qui
832 1917 970 1942 auctore
994 1916 1041 1940 set
1056 1906 1173 1954 fama
1199 1907 1258 1941 vel
1290 1915 1443 1941 auctor-es
1467 1914 1514 1939 set
1529 1904 1646 1952 fama
1672 1905 1848 1939 offerrent.
2018 1922 2028 1932 ‹

590 1969 673 2015 Cap.
692 1966 839 2010 XLVII,
866 1969 901 2001 5.
924 1966 1049 2012 periti]
1076 1966 1228 2012 „per-itis.
1234 1967 1257 1985 “
1306 1965 1363 1999 Sic
1388 1964 1478 1998 Lov.
1507 1966 1542 1996 1.
1567 1962 1729 2008 idemque
1755 1961 1954 1996 Gronovius
1981 1971 2041 1994 ex·
2050 1958 2127 1994 Fut.
2147 1909 2291 2005 aliisque
2316 1970 2373 1992 re-

492 2030 594 2076 cepit.
620 2048 669 2054 -
693 2027 780 2061 Ibid.
807 2027 870 2060 vix
882 2024 1049 2073 fecerint]
1079 2024 1395 2069 „interponendum
1416 2022 1537 2068 ficiem.
1540 2023 1563 2040 “
1615 2021 1694 2054 Hoc
1720 2018 1942 2062 vocabulum,
1969 2017 2062 2063 quod
2085 2017 2205 2063 Lipsio
2230 2017 2374 2051 Lov.1.

492 2096 526 2122 et
551 2087 644 2121 Hav.
670 2083 836 2118 obtulisse
860 2083 1036 2124 videntur,
1072 2081 1272 2116 Gronovius
1307 2091 1352 2113 ex
1377 2079 1511 2120 iisdem,
1548 2089 1635 2124 quos
1668 2076 1786 2124 paullo
1812 2084 1890 2110 ante
1924 2083 2063 2111 secutus
2102 2083 2165 2117 est,
2201 2075 2374 2109 codicibus

491 2148 543 2181 ins
531 2146 646 2180 eruit.
672 2163 724 2170 -·
748 2145 808 2176 *6.
836 2140 995 2187 Magone
1019 2140 1158 2187 equites]
1197 2136 1404 2182 „inserenda
1429 2136 1555 2171 vocula
1580 2137 1647 2171 et.“
1707 2135 1820 2180 Quam
1846 2147 1906 2169 cur
1930 2134 2082 2181 Lipsius,
2116 2133 2181 2168 nisi
2215 2133 2301 2167 forte
2337 2145 2375 2166 ea

493 2203 697 2251 respexerit,
724 2214 812 2247 quae
838 2212 945 2246 supra
966 2198 1152 2246 leguntur:
1179 2196 1371 2242 Magonem
1395 2208 1472 2230 cum
1497 2195 1645 2242 equitatu
1669 2202 1700 2227 et
1717 2192 1888 2240 Hispanis
1906 2191 2071 2239 peditibus
2083 2193 2218 2241 flumen
2243 2199 2374 2225 extem-

492 2262 551 2310 plo
577 2272 609 2296 11
612 2274 783 2303 ansnasse
810 2259 930 2293 invitis
957 2258 1133 2293 codicibus
1159 2254 1444 2302 interponendam
1463 2254 1652 2297 pensuerst,
1684 2260 1850 2299 exputare
1876 2263 2046 2297 nequeo.

593 2320 678 2367 Cap.
703 2319 837 2361 XLIX,
865 2318 927 2350 ¹⁶3.
955 2315 1146 2363 Messana}
1179 2322 1273 2359 „vet.
1299 2313 1362 2348 lib.
1394 2312 1570 2347 Messena.
1575 2314 1599 2332 “
1657 2311 1755 2346 Haec
1790 2311 1975 2358 scripturae
2008 2308 2216 2351 diversitas,
2239 2308 2282 2342 de
2309 2320 2375 2354 qua

495 2379 692 2416 Tzschuck.
719 2379 761 2413 ad
786 2378 908 2423 Pomp.
935 2375 1022 2410 Mel.
1048 2375 1092 2419 ΙΙ,
1119 2377 1153 2418 7,
1185 2379 1243 2411 16.
1270 2372 1352 2408 Vol.
1378 2372 1422 2406 11.
1447 2372 1537 2406 Part.
1564 2371 1608 2405 11.
1634 2384 1669 2418 p.
1697 2372 1783 2406 567.
1811 2369 1964 2404 conferas
2001 2367 2123 2410 velim,
2157 2368 2197 2401 ab
2232 2366 2306 2401 aliis
2337 2367 2376 2400 in

500 2438 594 2473 nullo
618 2437 735 2472 codice
760 2437 904 2470 inventa
931 2442 994 2476 est.
1019 2453 1069 2460 —
1096 2438 1129 2470 6.
1157 2445 1223 2467 rex
1248 2419 1442 2466 Messanae
1461 2427 1635 2476 Aemilio]
1669 2427 1890 2473 „Messanae
1923 2425 2121 2462 delendum.
2124 2427 2146 2446 ‘⁶
2189 2424 2264 2459 Imo
2287 2425 2375 2459 scri-

501 2496 651 2532 bendum
676 2509 740 2530 rex
768 2493 827 2529 Μ.
854 2491 1021 2543 Aemilio,
1047 2491 1141 2539 quod
1167 2490 1365 2526 Crevierius
1391 2497 1426 2525 et
1450 2487 1754 2524 Drakenborchius
1787 2495 1924 2522 auctore
1951 2484 2130 2521 Gronovio
2164 2496 2208 2519 ex
2244 2482 2375 2518 codici-

501 2557 566 2589 bus
592 2554 728 2599 optimis
752 2560 966 2597 receperunt.
993 2570 1042 2577 —-
1068 2552 1133 2584 ¹⁵7.
1160 2559 1191 2582 et
1217 2549 1329 2594 circa]
1357 2548 1439 2591 „alii
1465 2549 1549 2581 exst
1605 2546 1771 2580 Similiter
1802 2545 1988 2579 Turnebus
2021 2542 2187 2577 Adverss.
2222 2541 2375 2583 XXVII,

505 2615 564 2648 11.
592 2609 778 2659 legendum
805 2622 878 2645 esse
905 2610 1056 2646 censuit:
1082 2606 1267 2656 Eat-templo
1293 2621 1309 2641 e
1334 2608 1429 2643 eirca
1452 2614 1654 2653 praetorem,
1680 2612 1719 2640 ut
1743 2604 1800 2648 sit,
1827 2615 1872 2639 ex
1897 2602 1950 2647 115,
1983 2602 2045 2649 qui
2074 2601 2162 2636 circa
2186 2607 2377 2647 praetorem

503 2678 613 2706 erant.
667 2669 764 2701 Haec
791 2667 864 2700 aliis
890 2668 1056 2713 placeant.
1114 2668 1265 2702 Praestat
1297 2666 1391 2699 haud
1427 2665 1547 2707 dubie,
1582 2675 1688 2709 quum
1722 2665 1816 2697 circa
1847 2669 2041 2708 praetorem
2073 2658 2122 2692 ad
2153 2659 2311 2700 civitates,
2342 2656 2378 2690 id

501 2730 596 2794 quod
621 2724 825 2774 Rascfflgius
852 2724 1039 2759 Strothium
1066 2734 1201 2760 secutus
1226 2725 1301 2759 fieri
1327 2736 1427 2770 posse
1455 2721 1677 2763 existimavit,
1711 2733 1773 2767 pro
1807 2719 1856 2754 ad
1889 2720 2038 2756 civitates
2071 2718 2164 2750 circa
2187 2724 2377 2761 praetorem

498 2788 585 2836 poni
610 2792 772 2834 nequeat,
800 2795 844 2819 ex
870 2782 1004 2831 Sigonii
1036 2783 1248 2827 coniectura,
1282 2794 1384 2829 quam
1418 2781 1609 2823 recentior,
1644 2778 1704 2814 sed
1739 2786 1773 2813 et
1803 2778 1879 2825 ipsa
1913 2775 2097 2811 admodum
2130 2774 2266 2821 antiqua
2297 2773 2374 2808 cod.

2710 0 2844 10 f---vrvvr
