2844 3382
2320 501 2366 533 3⁵

500 586 590 620 enim
615 585 725 619 multo
756 584 885 620 tectim
906 592 1029 630 postea
1054 584 1272 628 Gronovius,
1297 598 1401 631 quum
1418 588 1451 620 in
1469 587 1545 621 cod.
1571 587 1648 621 Put.
1676 585 1894 622 PAUIUM
1915 592 2095 638 reperisset
2120 600 2222 641 atque
2239 593 2307 631 hoc
2334 595 2367 631 in

492 642 634 692 paulum
660 652 695 679 et
718 640 898 689 paululum
922 643 1044 686 abiisse
1069 644 1319 691 perspexisset,
1352 645 1430 679 coll.
1456 646 1536 681 Liv.
1562 647 1700 691 XXIII,
1727 650 1789 681 26.
1815 649 2002 683 invidenda
2036 664 2116 686 sane
2142 662 2176 688 et
2201 654 2365 700 palmaria

494 702 733 737 emendatione
756 700 951 749 praefectos
975 704 1110 736 navium
1135 704 1300 751 reposuit.
1352 703 1444 738 Cave
1469 712 1583 739 tamen
1609 706 1806 750 existimes,
1834 706 1950 742 literas
1976 707 2016 741 N
2030 716 2063 743 et
2079 708 2111 743 Ρ
2131 710 2186 746 hic
2213 725 2365 763 quoque

494 769 534 796 ut
557 761 637 794 Liv.
664 759 709 803 V,
737 766 770 803 5,
797 765 831 799 3.
858 762 917 795 ubi
941 775 1004 807 pro
1029 760 1184 808 voluptas
1207 764 1244 796 in
1274 763 1407 797 duobus
1433 764 1609 797 codicibus
1633 764 1788 797 voluntas
1811 765 1959 812 legitur,
1987 779 2006 799 a
2023 766 2168 801 librariis
2194 782 2266 803 esse
2283 784 2365 817 per·
2406 797 2409 800 ι

495 824 651 853 mutatas.
708 817 782 854 Imo
807 817 985 865 librarius,
1011 819 1071 868 qui
1096 819 1173 856 cod.
1197 819 1275 855 Put.
1303 821 1478 864 exaravit,
1513 834 1618 868 quum
1641 822 1833 872 praefectos
1858 825 2068 872 scripsisset,
2096 828 2239 874 primam
2265 829 2366 866 huius

495 877 658 918 vocabuli
682 877 814 911 literam
839 891 911 924 pro*
924 878 1220 924 primavocabuli
1242 879 1378 910 navium
1402 878 1500 911 litera
1525 881 1651 924 posuit,
1676 889 1726 923 et,
1760 895 1803 915 ne
1830 884 1983 917 codicem
2012 883 2115 917 litura
2152 886 2365 930 deformaret,

496 946 646 983 errorem
671 947 741 969 nou
768 936 930 971 correxit.
980 934 1064 970 Vid.
1097 934 1358 971 Drakenborch.
1383 935 1426 970 ad
1450 935 1530 972 Liv.
1555 937 1598 982 II,
1619 939 1677 982 34,
1696 941 1729 975 9.
1748 960 1794 967 —
1845 943 1877 976 6.
1905 940 2007 978 hostis
2032 945 2077 979 cis
2104 942 2240 979 Iberum
2270 946 2366 980 Tar-

496 993 654 1029 raconem
678 984 789 1028 versus
814 992 911 1030 cedit.
945 994 1080 1041 Agros]
1114 1003 1205 1038 „toto
1229 997 1279 1030 cis
1304 994 1438 1029 Iberum
1463 1009 1549 1041 agro
1574 996 1696 1031 certast
1728 999 1943 1034 Vocabulum
1968 1002 2104 1048 Agros,
2131 1004 2225 1050 quod
2249 1005 2284 1038 in
2313 1006 2367 1038 ed.

494 1052 608 1100 Lugd.
634 1051 777 1098 aliisque
801 1050 945 1100 legitur,
970 1053 1007 1087 in
1032 1053 1152 1088 Eberti
1178 1052 1339 1100 exemplo
1364 1066 1544 1101 perperam
1570 1056 1733 1090 omissum
1758 1065 1821 1092 est.
1870 1059 1960 1094 Lov.
1990 1066 2020 1096 1.
2040 1075 2116 1096 cum
2141 1062 2214 1097 aliis
2242 1064 2366 1098 offert:

495 1112 646 1145 stoicosis
673 1110 807 1145 Iberum
843 1124 957 1145 rursus
981 1111 1066 1146 cedit
1093 1126 1206 1158 agros,
1232 1114 1288 1147 cui
1314 1123 1468 1148 monstro
1495 1114 1592 1148 litera
1617 1128 1633 1147 s
1658 1126 1704 1148 ex
1728 1116 1947 1162 praecedeuti
1979 1117 2123 1156 hibernis
2150 1128 2182 1155 et
2208 1122 2367 1166 sequenti

495 1168 609 1215 Scipio
635 1169 806 1213 adhaesit,
832 1170 924 1204 Hav.
950 1179 1019 1204 toto
1046 1170 1180 1205 Iberum
1205 1184 1318 1206 rursus
1344 1172 1430 1207 cedit
1455 1186 1563 1219 agro,
1589 1172 1716 1208 vocula
1739 1175 1787 1208 cis
1811 1175 1945 1210 omissa.
1999 1177 2114 1220 Quare
2137 1179 2280 1222 mireris,
2305 1179 2369 1213 Li·

495 1228 608 1274 psium
633 1240 703 1262 non
730 1227 909 1263 maluisse:
942 1237 1011 1262 toto
1036 1231 1084 1263 cis
1109 1228 1245 1265 Iberum
1270 1245 1384 1265 rursus
1407 1231 1495 1267 cedit
1520 1244 1625 1279 agro,
1662 1232 1776 1279 quod,
1809 1246 1915 1280 quum
1941 1234 1995 1270 ed.
2021 1236 2166 1273 Ascens.
2193 1237 2296 1274 hostis
2322 1241 2369 1275 cis

499 1286 735 1321 Tarraconem
775 1287 910 1321 Iberum
946 1303 1059 1322 narsus
1092 1289 1189 1323 redit.
1221 1290 1339 1337 Agros
1365 1300 1429 1326 etc.
1456 1292 1510 1326 ed.
1542 1292 1639 1339 Mog.
1667 1304 1745 1326 cum
1769 1293 1873 1327 Frob.
1902 1297 1933 1330 1.
1959 1296 1994 1329 2.
2021 1294 2125 1331 hostis
2159 1298 2207 1332 cis
2234 1298 2368 1333 Iberum

499 1345 736 1380 Tarraconem
772 1360 883 1381 versus
914 1346 1021 1391 cedit,
1056 1361 1159 1394 agros
1183 1356 1248 1385 etc.
1275 1357 1310 1384 et
1333 1349 1388 1385 ed.
1421 1350 1544 1385 Colon.
1570 1362 1599 1384 a.
1629 1353 1734 1386 1525.
1766 1351 1866 1397 peius
1899 1353 2019 1396 etiam,
2051 1356 2223 1390 vocabulo
2258 1372 2369 1391 versus

495 1401 556 1437 vel
582 1418 695 1437 rursus
728 1406 874 1448 omisso,
908 1405 1012 1438 hostis
1036 1407 1085 1440 cis
1110 1405 1245 1440 Iberum
1283 1408 1519 1443 Tarraconem
1545 1406 1643 1442 cedit.
1678 1407 1795 1454 Agros
1821 1417 1886 1443 etc.
1913 1408 2168 1456 exhibuissent,
2204 1415 2367 1463 Sigonius

493 1461 597 1496 Livio
623 1463 786 1508 restituit,
813 1470 848 1499 et
871 1463 1192 1509 Drakenborchius‚
1220 1478 1326 1513 quum
1353 1465 1550 1502 Gronovius
1576 1481 1689 1501 rursus
1713 1467 1750 1502 in
1776 1483 1909 1503 rursum
1934 1479 2117 1513 mutasset,
2144 1483 2235 1507 recte
2262 1488 2324 1507 rev
2327 1487 2368 1508 o-

495 1522 596 1556 cavit.
648 1521 846 1565 Pyndenius
879 1523 966 1556 hanc
1000 1535 1138 1569 quoque
1170 1524 1280 1570 Lipsii
1302 1525 1575 1559 emendationem
1609 1533 1738 1559 temere
1770 1528 1976 1572 pervertisse
2007 1528 2155 1564 sidetur.
2183 1552 2231 1557 -—
2282 1533 2366 1568 Ibid.

495 1578 641 1625 relictos]
668 1578 889 1624 „relicta-m.“
939 1580 1038 1623 Hoc,
1073 1580 1167 1626 quod
1190 1581 1353 1629 Sigonius
1385 1584 1571 1618 certissima
1597 1584 1793 1617 coniectura
1819 1584 1941 1619 ductus
1966 1587 2018 1620 illi
2043 1590 2226 1631 substituit,
2254 1592 2365 1625 Eber-

495 1645 548 1673 tus
581 1639 818 1684 praetermisit.
854 1658 903 1665 --
952 1639 971 1656 ¹
1001 1635 1090 1673 Ibid.
1126 1638 1380 1689 Athanagiam]
1416 1640 1681 1688 „Atanogum.“
1739 1642 1818 1677 Hoc
1850 1643 1884 1677 in
1918 1643 2013 1679 nullo
2045 1646 2163 1681 codice
2193 1658 2364 1696 repertum

494 1705 581 1736 esst,
595 1697 753 1743 proxime
786 1706 901 1732 tamen
935 1698 1068 1734 accdit
1101 1698 1320 1745 Alanagium
1354 1702 1447 1746 quod
1480 1703 1516 1735 in
1549 1702 1633 1735 Rec.
1664 1701 1801 1746 legitur.
1852 1703 1943 1736 Lov.
1979 1710 2010 1738 1.
2043 1705 2235 1750 vulgatum,
2269 1708 2365 1741 nav.

492 1753 741 1801 Athanagram
775 1755 887 1789 offert.
920 1755 1005 1789 Vid.
1038 1755 1162 1790 Ukerti
1195 1757 1395 1805 Geograph.
1432 1757 1552 1794 Graec.
1581 1766 1615 1792 et
1637 1758 1736 1793 Rom.
1770 1760 1872 1794 Tom.
1899 1761 1942 1795 ΙΙ.
1974 1761 2063 1797 Part.
2090 1763 2117 1797 Ι.
2143 1776 2177 1810 p.
2205 1766 2288 1800 451.
2314 1785 2363 1793 ·—-

495 1817 529 1849 8.
554 1813 763 1859 Ausetanos]
794 1813 881 1856 „lib.
908 1822 981 1847 vet.
1015 1813 1232 1849 Auxetanos.
1282 1816 1499 1850 Ptolomaeus
1532 1817 1746 1851 Amba-tanos
1776 1822 1917 1853 vocat.“
1966 1821 2034 1854 Hic
2060 1833 2198 1866 quoque
2223 1822 2365 1866 Pynde-

494 1872 590 1916 nius,
625 1872 685 1919 qui
709 1884 779 1905 non
806 1870 1037 1914 Ptolemaeus,
1071 1872 1164 1919 quod
1188 1873 1224 1906 in
1251 1874 1369 1907 Eberti
1394 1873 1555 1921 exemplo
1590 1874 1735 1922 legitur,
1770 1877 1830 1910 sed
1864 1876 2011 1912 Ptolom.
2039 1879 2113 1913 sive
2148 1878 2364 1916 Ptolomaeus

495 1932 646 1978 scripsit,
681 1944 808 1964 errasse
833 1930 982 1964 videtur.
1031 1932 1138 1966 Recte
1164 1932 1255 1965 enim
1280 1932 1440 1978 Sigonius
1466 1945 1567 1979 supra
1595 1934 1636 1967 ad
1662 1946 1736 1979 cap.
1764 1938 1823 1968 23.
1860 1936 1983 1978 „Quos
2009 1945 2110 1970 vocat
2133 1937 2256 1973 Livius
2282 1940 2364 1973 Au-

494 1998 647 2031 setanos,
673 1988 804 2035 inquit,
831 1999 889 2022 eos
914 1987 1130 2023 Ptolemaeus
1156 1989 1212 2032 [11‚
1242 1991 1291 2034 6.]
1317 1985 1578 2037 Λύἃηταιόὑς
1609 1992 1797 2026 nominat.“
1849 1994 2008 2029 Ceterum
2033 1995 2123 2031 Lov.
2142 1999 2173 2030 1.
2200 1997 2363 2031 Ausara-

495 2062 578 2091 nos,
605 2049 698 2082 Hav.
724 2047 918 2082 Ausetanos
944 2056 980 2083 et
1004 2048 1095 2082 Lov.
1124 2053 1158 2083 3.
1184 2047 1411 2090 Auxctanos,
1438 2049 1531 2094 quod
1556 2049 1695 2095 Lipsius
1721 2049 1779 2083 lib.
1805 2060 1865 2087 τοὶ.
1891 2054 2019 2086 tribuit.
2039 2074 2088 2080 -—
2137 2056 2155 2072 *
2171 2055 2256 2089 Ibid,
2284 2056 2362 2090 La-

498 2107 645 2152 cetanos]
673 2105 759 2150 „vel
785 2104 1016 2141 Iiacctanos.“
1067 2106 1266 2153 Pyndenius
1301 2105 1501 2142 Iaccctanos
1526 2108 1673 2143 scribere
1700 2109 1855 2144 debebat.
1907 2112 1943 2145 ln
1971 2113 2087 2147 Eberti
2114 2114 2271 2160 exemplo
2297 2129 2363 2162 pe-

495 2166 547 2200 ius
573 2166 675 2200 etiam
701 2164 900 2200 Siacctanos
924 2164 1060 2213 legitur.
1110 2165 1219 2209 Vide,
1247 2179 1333 2212 quae
1358 2179 1458 2213 supra
1487 2166 1529 2200 ad
1554 2180 1627 2213 cap·
1657 2170 1715 2211 60,
1742 2173 1775 2204 3.
1802 2170 2051 2205 adnotavimus.

595 2223 679 2268 Cap.
706 2223 820 2264 LXII,
854 2224 890 2258 4.
923 2223 1078 2268 hastam]
1111 2224 1204 2266 „duo
1230 2224 1291 2258 lib.
1328 2237 1478 2259 manusc.
1505 2224 1633 2258 habent
1657 2225 1820 2269 hostiam,
1855 2228 1972 2261 tertius
2005 2229 2150 2273 optimus
2184 2228 2366 2266 hostium.‘¹

494 2281 633 2316 Tertius
660 2280 809 2327 optimus
822 2280 914 2315 haud
930 2280 1031 2314 dubie
1052 2289 1104 2315 est
1120 2281 1232 2315 codex
1258 2281 1470 2317 Cuiacianus.
1521 2282 1569 2316 At
1586 2283 1886 2319 Drakenborchius
1902 2284 1985 2319 haec
2004 2286 2198 2321 adnotavit:
2225 2289 2366 2331 „Dein-

497 2341 540 2375 de
566 2340 712 2373 hostiam
735 2347 868 2373 tantum
887 2351 956 2373 non
974 2351 1092 2373 omnes
1118 2339 1253 2374 codices
1279 2340 1347 2373 mei
1364 2348 1398 2373 et
1422 2341 1565 2374 Hearnii
1591 2342 1636 2375 D.
1655 2351 1802 2376 servant.
1827 2343 1931 2376 Recte
1950 2351 2063 2377 tamen
2081 2357 2143 2390 pro
2159 2358 2200 2379 eo
2226 2346 2366 2382 hastam

495 2397 705 2433 Sabellicum
731 2398 945 2433 substituisse
970 2404 1064 2444 puto.
1106 2397 1188 2431 Vid.
1214 2397 1300 2431 infra
1325 2397 1367 2431 ad
1393 2398 1473 2442 XL,
1501 2402 1557 2442 19,
1585 2402 1645 2434 2.“
1696 2401 1816 2435 Utrum
1841 2401 1944 2447 igitur
1969 2401 2107 2448 Lipsius
2134 2417 2176 2437 an
2202 2405 2366 2440 Draken-

495 2456 674 2500 borcffius,
709 2469 815 2502 quum
839 2464 931 2491 tanta
954 2457 999 2492 sit
1024 2456 1269 2491 vocabulorum
1302 2456 1412 2491 hostia
1439 2466 1473 2491 et
1497 2457 1605 2491 hostia
1639 2458 1845 2501 similitudo,
1880 2461 1915 2493 in
1940 2462 2109 2496 enotanda
2145 2464 2223 2498 cod.
2252 2465 2365 2500 Cuiac.

495 2515 569 2551 sive
594 2514 684 2549 Lov.
713 2520 747 2551 1.
773 2516 939 2562 scriptura
970 2516 1151 2559 erraverit,
1185 2515 1229 2550 ad
1253 2514 1422 2562 liquidum
1457 2516 1716 2561 confessumque
1750 2518 1892 2563 perduci
1925 2531 1996 2552 non
2021 2530 2147 2566 potest.
2199 2523 2365 2558 Maiorem

496 2581 610 2608 tamen
635 2573 754 2620 Lipsio
786 2573 889 2608 fidem
923 2573 1113 2610 habuerim.
1136 2591 1188 2599 —·
1239 2580 1274 2610 5.
1300 2574 1432 2620 specics]
1459 2574 1543 2617 „lib.
1577 2582 1648 2609 vet.
1677 2577 1822 2622 specicf‘
1872 2577 1951 2611 Hoc
1978 2578 2014 2612 in
2040 2578 2131 2615 Lov.
2162 2585 2193 2617 1.
2220 2581 2307 2616 illud
2330 2583 2364 2616 in

498 2632 590 2668 Hav.
617 2631 753 2681 legitur.
779 2653 829 2660 —
877 2632 963 2668 Ibid.
995 2634 1096 2679 visas]
1133 2635 1242 2678 „visos
1275 2633 1335 2669 lib.
1361 2635 1459 2668 vet.“
1508 2633 1565 2668 Sic
1590 2633 1680 2669 Lov.
1710 2639 1741 2671 1.
1770 2643 1804 2670 et
1835 2636 1929 2671 Hav.
1957 2637 2095 2684 aliique.
2131 2641 2196 2674 Ed.
2224 2641 2361 2675 Ascens.

497 2689 575 2724 deos
599 2691 716 2726 multis
742 2690 825 2726 locis
850 2691 1022 2725 hominum
1047 2694 1154 2738 specie
1175 2691 1296 2738 procul
1321 2691 1471 2726 candida
1495 2701 1578 2725 vesu·
1596 2693 1693 2734 t‘iSOS,
1719 2694 1814 2738 quod
1829 2695 1865 2727 in
1883 2695 1963 2729 edd.
1989 2696 2088 2744 Mog.
2116 2698 2238 2730 Colon.
2265 2699 2359 2730 Frob.

499 2750 530 2783 1.
558 2746 700 2796 aliisque
725 2749 772 2784 ita
789 2757 956 2785 mutatum
981 2757 1050 2794 est,
1076 2758 1115 2785 ut
1137 2749 1215 2786 deos
1241 2750 1462 2787 omitteretur.
1512 2750 1588 2785 Hoc
1616 2751 1938 2788 Drakenborchium
1964 2756 2148 2801 praeteriit.
2199 2757 2235 2789 In
2264 2755 2360 2788 Frob.

500 2809 533 2839 2.
564 2805 701 2840 demum
729 2811 939 2856 comparuit:
965 2808 1079 2843 multis
1105 2808 1189 2844 locie
1214 2809 1384 2844 hominum
1411 2812 1530 2854 spccies
1555 2809 1675 2855 provul
1702 2810 1852 2845 candida
1878 2821 1962 2844 reste
1983 2816 2090 2857 visas,
2118 2814 2206 2859 quod
2225 2813 2362 2845 Grono-

1849 2865 1873 2902 5
1907 2867 1923 2883 1
