2844 3376
487 512 534 546 36

482 609 582 653 vius,
608 606 691 644 licet
715 606 840 644 Livius
866 605 1007 653 XXIV,
1037 611 1093 644 10.
1119 603 1283 641 Hadriae
1317 616 1420 639 aram
1443 603 1481 638 in
1506 598 1619 644 coelo,
1652 599 1838 648 speciesque
1869 594 2042 633 hominum
2067 594 2161 631 cit-ca
2186 603 2263 628 eam
2288 603 2365 628 cum

484 668 636 707 candida
662 677 748 701 veste
772 670 863 701 visas
889 681 974 710 esse,
1011 666 1192 699 memoriae
1218 663 1425 708 prodiderit,
1455 662 1502 693 ita
1528 660 1697 700 correxit,
1732 667 1771 692 ut
1795 649 1902 703 spe-de
1927 665 1961 690 et
1984 646 2071 689 visos
2103 659 2291 688 revocaret.
2318 670 2367 678 -

482 726 574 761 Ibid.
600 722 817 771 extenuatas]
844 725 894 769 „L
919 724 1068 770 Lypsius
1094 721 1232 766 corrigit
1256 719 1459 752 exteniatas.
1497 716 1580 750 vide
1606 715 1634 749 I.
1660 714 1703 749 L.
1740 714 1788 759 [id
1813 721 1866 748 est
1881 711 1981 747 ‘Iusti
2005 712 2129 759 Lipsii]
2162 709 2272 746 Elect.
2305 708 2367 743 lib.

486 787 547 821 2.“
596 786 650 820 lbi
681 785 820 832 Lipsius
852 797 924 829 cap.
954 785 1009 817 12.
1037 780 1079 814 de
1105 779 1165 820 iis,
1201 789 1287 822 quae
1312 776 1369 810 hic
1396 783 1431 810 et
1455 773 1542 808 infra
1575 763 1771 820 leguntur?
1788 779 1893 818 etque
1917 770 2009 806 Liv.
2035 770 2154 814 XXII,
2183 774 2214 807 1.
2249 766 2361 814 „Vide

487 845 650 887 omnino,
675 843 804 888 inquit,
831 852 875 873 ne
900 839 1081 880 remotius,
1108 844 1146 870 ut
1172 834 1261 870 solet
1289 835 1326 868 in
1351 834 1406 868 his
1432 831 1841 876 talibus,·vemstiusque
1866 830 2014 864 verbum
2039 828 2162 869 fuerit,
2189 827 2283 873 quod
2306 837 2369 873 per

489 903 691 949 imperitiam
711 898 977 934 exscribentium
996 895 1144 930 mutarit.
1196 894 1272 941 Ego
1298 905 1369 927 non
1394 892 1550 938 improbe
1576 889 1613 925 id
1638 889 1805 937 suspicor,
1831 894 1866 923 et
1890 886 1999 923 ausim
2024 886 2154 932 ubique
2179 885 2369 920 rescribere

489 961 703 994 esrtaeniatas
727 965 841 999 sor-tes,
869 956 964 1002 quod
990 956 1198 1000 interpretor
1223 952 1343 985 taeniis
1371 950 1535 995 vittIsque
1561 949 1689 984 solutas
1715 955 1749 982 et
1774 947 1970 982 liberatas.-“
2020 945 2118 989 Quae
2146 944 2286 990 quidem
2302 943 2370 977 Iac:

488 1017 667 1052 I‘erizonio
700 1015 961 1050 Animadverss.
997 1014 1077 1048 hist.
1105 1026 1179 1058 cap.
1207 1014 1241 1045 9.
1266 1023 1301 1057 p.
1330 1012 1412 1043 389.
1440 1009 1494 1042 ed.
1528 1007 1663 1042 Harles.
1696 1007 1733 1040 in
1768 1005 1926 1040 salmasii
1959 1011 2068 1039 sortes
2102 1003 2298 1036 imminutas
2332 1014 2371 1034 ac

488 1076 637 1110 minores
662 1074 766 1110 factas
792 1086 868 1109 esse
896 1072 1074 1108 statuentis
1101 1070 1304 1106 sententiam
1331 1067 1521 1103 discedenti
1545 1066 1618 1100 iure
1644 1056 1836 1110 meritoque
1863 1061 2124 1110 displicuerunt.
2149 1081 2199 1089 —-
2235 1063 2271 1095 7.
2297 1058 2370 1094 edi-

489 1134 595 1178 ctum]
631 1133 819 1175 „editum.“
869 1132 927 1165 Sic
959 1132 1051 1164 Lov.
1082 1133 1115 1162 1.
1149 1129 1275 1173 aliique
1309 1126 1515 1172 complures.
1565 1125 1670 1157 Recte
1696 1124 1800 1169 igitur
1825 1121 2025 1155 Gronovius
2049 1121 2136 1162 hoe,
2170 1120 2263 1165 quod
2287 1130 2372 1165 pro-

489 1193 604 1240 prium
628 1189 693 1227 hac
710 1192 752 1227 de
768 1205 804 1227 re
829 1192 975 1227 verbum
1002 1203 1076 1225 esse
1103 1196 1247 1230 constat,
1270 1185 1322 1220 illi
1347 1183 1519 1232 praetulit.
1544 1203 1594 1211 --
1643 1184 1706 1217 ⁶⁵8.
1732 1190 1763 1215 et
1786 1181 1919 1227 signum
1945 1193 2083 1214 aeneum
2104 1187 2284 1213 marronae
2310 1175 2372 1211 Iu'-

491 1252 571 1284 noni
595 1252 631 1283 in
652 1247 823 1284 Aventino
848 1248 1133 1295 aedificaverunt]
1162 1246 1216 1289 „et
1240 1246 1373 1290 signum
1399 1244 1531 1284 guium,
1562 1241 1794 1282 mansionem,
1820 1228 1874 1273 m.
1894 1239 1969 1273 sive
1993 1239 2125 1283 signum
2152 1237 2286 1270 aenium
2311 1234 2372 1268 cle-

491 1309 720 1341 dicam-unm
770 1308 810 1341 In
825 1306 954 1340 Eberti*
971 1305 1132 1351 exemplo
1158 1315 1338 1349 perperam
1363 1310 1394 1334 ei
1410 1302 1542 1345 signum
1568 1300 1679 1333 eninm
1694 1300 1730 1332 in
1756 1298 1940 1340 ansionem,
1965 1297 2051 1339 sive,
2076 1298 2208 1341 signum
2235 1292 2373 1329 aeneur'n

489 1365 726 1401 dedicaverunt
758 1365 895 1413 legitur.
947 1364 1166 1408 Pyndenium
1199 1360 1283 1396 falso
1310 1361 1421 1402 gaium
1449 1366 1483 1393 et
1508 1358 1640 1391 aenium
1667 1368 1731 1403 pro
1758 1368 1896 1388 aeneum
1921 1354 2075 1400 posuisse
2109 1359 2259 1399 apparet.
2307 1350 2372 1386 Li-

489 1425 585 1471 psius
618 1432 752 1466 autem,
788 1425 825 1457 id
856 1423 950 1469 quod
976 1424 1124 1456 Ebertus
1157 1432 1228 1454 non
1261 1418 1457 1465 perspexit,
1492 1429 1536 1450 ex
1563 1414 1693 1461 duplici
1718 1414 1913 1447 coniectura
1937 1411 1998 1446 vel
2022 1420 2052 1445 et
2076 1411 2201 1444 donum
2226 1423 2273 1443 ex
2297 1409 2375 1442 auri

489 1480 603 1529 poncio
628 1481 863 1529 quadraginta
888 1480 1083 1514 Lanuvium
1114 1476 1237 1511 Iunoni
1261 1483 1435 1521 portatum
1461 1482 1525 1515 cst,
1559 1478 1591 1506 εἰ
1613 1474 1745 1518 signum
1771 1482 1929 1514 aeneum5
1965 1467 2173 1503 mdhsionem
2198 1476 2376 1501 matronae

496 1539 620 1575 Iunoni
645 1542 682 1574 in
707 1540 875 1574 Aventino
904 1538 1186 1586 aedificaverunt,
1211 1533 1272 1569 vel
1297 1542 1326 1567 et
1351 1534 1483 1578 signum
1509 1544 1647 1565 aeneum
1672 1538 1851 1564 matronae
1876 1528 1999 1563 Iunoni
2022 1528 2058 1561 in
2083 1526 2251 1562 Aventino
2277 1524 2374 1559 dedi-

496 1607 674 1641 caverunt,
709 1597 930 1632 scribendum
966 1596 1109 1629 censuit.
1161 1592 1266 1637 Quod
1301 1604 1405 1637 quum
1441 1589 1530 1623 Phil.
1562 1589 1720 1622 Rubenio
1749 1600 1886 1633 quoque
1920 1586 2143 1627 innotuisset,
2177 1585 2291 1631 priore
2316 1582 2375 1615 illa

494 1658 607 1705 Lipsii
640 1659 855 1700 coniectura,
892 1668 978 1702 quae
1005 1654 1065 1690 vel
1089 1660 1290 1701 propterea,
1326 1651 1419 1698 quod
1445 1650 1634 1684 mansiones
1658 1660 1729 1682 non
1755 1648 1819 1682 diis
1844 1647 2059 1691 deabusque,
2093 1644 2155 1679 sed.
2178 1642 2375 1677 hominibus

472 1717 731 1762 ‘iumentisque
755 1715 925 1749 aedificari
950 1713 1128 1753 solebant,
1157 1711 1287 1744 admitti
1311 1711 1443 1755 nequit,
1470 1709 1569 1742 tacite
1595 1708 1793 1753 improbata,
1819 1700 1929 1739 met.
1954 1703 1981 1744 I,
2009 1704 2069 1737 36.
2093 1714 2127 1747 p.
2154 1703 2212 1734 39.
2238 1700 2374 1734 verbis:

498 1776 631 1820 signum
649 1788 788 1807 aeneum
813 1781 994 1806 matronae
1020 1771 1143 1804 Iunoni
1160 1771 1192 1801 in
1211 1769 1380 1802 Aventino
1404 1757 1686 1812 aedificaverunt,
1713 1764 1797 1797 haec
1813 1761 1976 1796 subiecit:
2003 1759 2139 1803 ‚‚Belle.
2174 1759 2280 1805 Signa
2304 1757 2374 1792 sci-

499 1831 581 1865 licet
614 1839 648 1864 et
679 1843 797 1864 aereae
822 1838 952 1864 statuae
978 1829 1217 1867 aedificantur,
1252 1833 1290 1859 ut
1316 1825 1436 1858 domus
1463 1837 1500 1857 nc
1526 1821 1665 1869 templa.
1716 1817 1913 1855 Ridiculum
1940 1825 2012 1861 est,
2047 1825 2081 1851 et
2106 1824 2221 1850 tamen
2247 1816 2373 1863 depra-

495 1889 588 1923 vatio
615 1902 653 1921 ea
678 1889 906 1923 manifestaria
930 1888 966 1921 in
994 1887 1152 1919 omnibus
1179 1884 1289 1917 adhuc
1316 1883 1422 1916 libris.
1475 1882 1567 1926 Quin
1594 1890 1633 1915 tu
1657 1879 1736 1927 Iege
1762 1877 2015 1919 dedicaverunt,
2043 1884 2076 1910 et
2092 1875 2234 1909 Livium
2249 1874 2375 1921 impuri

493 1947 661 1981 sermonis
696 1946 876 1981 absolve.“
926 1944 1031 1979 Hunc
1063 1943 1282 1984 Gronovius,
1318 1953 1424 1986 quum
1457 1952 1503 1973 ex
1528 1939 1723 1973 coniectura
1748 1936 1942 1969 Lanuvium
1968 1933 2016 1966 ad
2042 1932 2180 1966 Iunonis
2202 1926 2377 1977 portatum

495 2015 541 2041 est
567 2007 778 2054 scripsisset,
806 2014 840 2040 et
865 2006 902 2040 in
928 2005 1005 2039 cod.
1031 2004 1108 2037 Put.
1135 2001 1348 2035 calcaverunt
1373 2000 1582 2039 invenisset,
1619 2003 1712 2029 recte
1738 2002 1875 2029 secutus
1902 1991 2137 2027 dedicaverunt
2161 2003 2224 2038 pro
2251 1989 2328 2025 aedi
2355 2010 2375 2017 -

494 2073 654 2099 caverunt
678 2064 819 2110 recepit.
845 2081 896 2089 —-
942 2066 998 2096 10.
1025 2062 1055 2092 si
1079 2062 1115 2091 in
1141 2059 1253 2091 decem
1278 2068 1386 2089 annos
1412 2055 1450 2087 Ρ.
1477 2053 1525 2088 Β.
1552 2048 1666 2086 eodem
1690 2054 1826 2085 stetisset
1849 2052 1955 2096 siaiu]
1988 2049 2184 2096 „Respub.“
2232 2050 2272 2082 In
2297 2050 2375 2083 edd.

495 2123 640 2158 Ascens.
674 2121 775 2169 Mog.
804 2119 927 2155 Colon.
957 2126 991 2153 et
1016 2117 1119 2152 Frob.
1149 2120 1180 2152 1.
1208 2118 1244 2150 2.
1271 2126 1343 2148 non
1370 2111 1408 2146 P.
1437 2110 1484 2147 R.
1515 2112 1589 2146 sive
1613 2108 1756 2158 populus
1780 2107 1978 2151 Romanus,
2012 2108 2073 2143 sed
2099 2105 2145 2155 Β.
2172 2105 2212 2142 Ρ.
2237 2106 2374 2156 legitur,

497 2182 589 2228 quod
616 2193 686 2214 non
714 2193 777 2227 pro
803 2178 984 2214 Romanus
1008 2174 1172 2224 populus,
1199 2174 1259 2209 sed
1285 2185 1347 2219 pro
1375 2185 1427 2205 res
1450 2169 1589 2218 publica
1613 2170 1763 2216 positum
1789 2181 1885 2210 esse,
1908 2168 1975 2201 iam
2001 2175 2079 2201 ante
2103 2167 2261 2213 Lipsium
2287 2165 2373 2201 Gla-

495 2253 618 2275 reanus
645 2240 790 2274 monuit.
842 2239 900 2272 Sic
926 2237 1006 2271 Liv.
1034 2235 1154 2277 XXII,
1183 2236 1215 2267 9.
1241 2233 1272 2266 si
1298 2229 1462 2265 bellatum
1485 2243 1643 2277 prospere
1666 2237 1766 2271 esset,
1794 2241 1906 2275 resque
1927 2223 2066 2273 publica
2090 2226 2126 2259 in
2151 2223 2284 2268 eodem,
2311 2239 2376 2272 quo

498 2308 576 2332 ante
600 2297 726 2332 bellum
742 2296 889 2345 fnisset,
916 2304 1006 2329 siaiu
1029 2293 1287 2341 permansisset,
1314 2290 1437 2332 XXX,
1464 2292 1500 2322 2.
1517 2290 1547 2321 si
1571 2287 1684 2321 eodem
1708 2296 1798 2321 siaiu
1820 2300 1870 2320 res
1893 2284 2032 2332 publica
2056 2293 2179 2328 staret,
2207 2292 2240 2318 et
2262 2283 2375 2327 XLII,

501 2360 558 2392 28.
584 2360 614 2392 si
639 2371 689 2391 res
714 2355 855 2405 publica
883 2353 997 2387 decem
1024 2366 1133 2387 annos
1158 2353 1193 2385 in
1219 2348 1336 2384 eodem
1361 2356 1450 2381 siaiu
1472 2345 1612 2395 fuisset,
1639 2346 1697 2380 ubi
1721 2345 1758 2379 in
1785 2344 1861 2379 cod.
1887 2344 2039 2378 Vindob.
2065 2355 2221 2390 quoque,
2247 2349 2285 2375 ut
2310 2341 2376 2375 ali-

502 2417 555 2458 bi,
579 2415 627 2450 R.
657 2416 695 2450 P.
721 2429 784 2463 pro
812 2429 863 2448 res
885 2412 1027 2460 publica
1052 2413 1203 2458 positum
1231 2418 1295 2444 est.
1329 2408 1411 2442 Vid.
1439 2405 1696 2440 Drakenborch.
1719 2405 1760 2439 ad
1784 2404 1864 2439 Liv.
1889 2404 1951 2447 IV,
1978 2406 2037 2446 26,
2056 2408 2089 2439 8.
2106 2423 2156 2429 --
2207 2405 2265 2437 11.
2292 2399 2375 2434 reli-

501 2474 613 2519 gione]
638 2474 720 2516 „lib-
746 2481 817 2508 vet.
850 2470 1058 2519 νεῖἰὲζι”οηίε.“ί
1110 2469 1167 2502 Sic
1200 2468 1291 2501 Lov.
1321 2471 1353 2502 1.
1381 2477 1459 2498 cum
1492 2465 1593 2499 Voss.
1627 2463 1769 2496 Hearnii
1792 2464 1837 2496 D.
1865 2469 1899 2496 et
1929 2461 2033 2495 Hafn.
2059 2461 2096 2494 in
2130 2471 2199 2507 quo
2233 2460 2377 2506 regionis

502 2543 566 2578 pro
594 2531 763 2576 religionis
787 2532 924 2577 legitur.
976 2531 1092 2574 Atque
1118 2529 1281 2573 Lipsius,
1309 2527 1507 2572 priusquam
1536 2523 1686 2557 codicem
1714 2522 1935 2556 Cuiacianum
1953 2522 2027 2556 sive
2052 2520 2142 2553 Lov.
2164 2524 2195 2555 1.
2222 2519 2376 2564 accepis-

504 2598 575 2633 set,
611 2590 720 2636 Epist.
748 2589 886 2633 Quaest.
920 2588 982 2631 IV,
1013 2592 1069 2623 10.
1095 2588 1137 2621 de
1165 2585 1231 2620 alio
1268 2585 1407 2619 codiee:
1444 2582 1520 2625 „Ibi
1555 2588 1625 2623 est,
1658 2581 1786 2627 inquit,
1821 2578 1974 2614 levarunt
2008 2578 2160 2613 animum
2193 2574 2376 2622 religionis.

498 2650 574 2683 Nec
602 2648 638 2681 id
665 2655 805 2680 mutem.
855 2647 943 2693 Legi
968 2647 1058 2692 apud
1084 2646 1199 2679 nescio
1223 2657 1325 2690 quem
1352 2650 1511 2676 veterum
1537 2639 1649 2673 levare
1675 2642 1874 2672 cur-arum.“
1922 2638 2077 2672 Forsitan
2103 2636 2221 2680 Lipsio
2250 2635 2377 2667 obver-

502 2709 639 2743 sabatur
672 2706 783 2740 Plaut.
816 2705 905 2739 Rud.
931 2704 958 2747 I,
984 2705 1018 2747 4,
1044 2708 1103 2738 27.
1130 2713 1165 2737 ut
1191 2718 1244 2737 me
1274 2703 1425 2736 omnium
1452 2701 1522 2732 iam
1550 2697 1707 2732 laborum
1741 2696 1843 2731 leuas.
1893 2697 2000 2731 Recte
2032 2703 2146 2729 tamen
2180 2692 2376 2728 Gronovius

501 2767 544 2801 ed
569 2764 679 2802 Gellii
701 2764 818 2800 Noctt.
844 2763 916 2798 Att.
942 2762 1006 2806 IX,
1033 2766 1090 2797 13.
1116 2764 1203 2798 hanc
1229 2763 1415 2798 verborum
1443 2765 1646 2793 structuram
1671 2756 1707 2790 in
1730 2755 1834 2790 Livio
1859 2754 2035 2789 ferendam
2068 2763 2141 2786 esse
2167 2752 2316 2799 negavit,
2343 2757 2378 2785 et
