2844 3382
2298 469 2342 500 17

473 577 578 615 quum
604 573 704 601 anton
722 563 791 599 ud.
810 576 907 598 man
932 561 979 598 ad
1008 575 1109 597 naves
1140 562 1314 607 ederetur,
1350 564 1506 600 codicum
1541 575 1712 599 consensu
1743 565 1910 598 firmatum
1935 565 2091 599 restituit.
2140 565 2341 610 Pyndenius

472 625 566 660 haud
589 625 707 666 dubie,
739 635 850 669 quum.
867 622 1009 669 Lipsius
1034 635 1171 669 quoque
1196 622 1243 656 ael
1267 636 1366 657 naves
1389 625 1426 660 in
1452 638 1496 659 ac
1521 637 1620 658 naves
1646 623 1768 657 mutari
1794 622 1912 665 vellet,
1946 624 1981 657 in
2007 626 2078 659 eius
2105 625 2340 659 emendatione

469 681 681 731 proferenda
704 682 842 715 erravit.
884 681 1005 727 Neque
1030 682 1109 716 satis
1135 689 1286 717 accurate
1311 683 1457 717 Ebertus
1489 683 1645 729 scripsit:
1680 695 1749 725 „ac
1783 694 1879 714 mare
1912 681 1959 714 ad
1988 694 2086 715 naves
2117 682 2339 729 legendum.“

473 762 519 771 -
536 745 575 776 5.
611 737 779 783 Genuam]
807 740 1102 786 „extinguendum
1127 753 1166 774 ac
1189 739 1376 786 legendum
1410 740 1659 775 Placentiam.“
1702 741 1781 775 Non
1808 752 1945 786 sequor.
1988 740 2080 772 Huic
2108 741 2219 784 enim,
2247 741 2338 786 quod

470 798 553 832 ferri
577 808 648 830 non
664 809 766 842 posse
791 797 953 843 Sigonius
974 798 1143 843 probavit,
1167 798 1236 830 iam
1261 798 1371 832 Aldus
1388 798 1475 832 illud
1499 807 1590 832 recte
1615 797 1800 833 substituit.
1842 798 2022 831 Praeterea
2041 797 2242 841 Pyndenins
2257 810 2338 842 per-

470 867 587 902 peram
612 855 746 901 scripsit
769 853 1021 903 egr-thigendum,
1047 853 1140 899 quod
1163 854 1312 888 Ebertus
1337 855 1438 888 tacite
1456 856 1613 888 correxit.
1627 875 1677 890 ,-—
1716 855 1777 889 *7.
1805 869 1874 902 qua
1899 854 2035 902 quidem
2058 854 2206 900 ineerta]
2238 867 2337 896 „cer-

469 916 544 949 ta.“
570 915 648 948 Hoc
672 914 803 960 Lipsio,
829 914 896 947 nisi
919 913 1006 947 sorte
1031 924 1137 958 prava
1164 911 1293 946 codicis
1311 914 1429 947 nescio
1449 914 1544 947 cuius
1570 915 1733 960 scriptura
1748 915 1860 958 fuerit,
1886 923 2015 948 temere
2034 913 2205 948 excidisse
2225 913 2338 947 miror.

470 971 557 1007 Nam
582 970 774 1018 vulgatum,
800 970 894 1016 quod
919 969 1119 1004 Gronovius
1144 969 1193 1002 ita
1217 969 1424 1012 emendavit,
1449 977 1488 1003 ut
1510 969 1642 1016 quidem
1668 973 1846 1014 omitteret,
1872 972 1965 1006 haud
1991 972 2095 1005 dubie
2121 979 2340 1017 praestat.—

471 1029 584 1065 *lbid.
611 1028 845 1077 inanimaque]
872 1025 1160 1073 „inanimalior·.“
1205 1027 1309 1072 Quod
1341 1027 1503 1063 vocabuli
1535 1036 1734 1073 monstrum,
1769 1030 1833 1064 nisi
1858 1029 2028 1075 Pyndenii
2059 1028 2269 1077 negligentia
2296 1040 2339 1062 ex

470 1088 714 1135 inanimalium
747 1089 988 1135 procreaverit,
1014 1088 1096 1133 quid
1122 1088 1188 1121 sibi
1211 1087 1309 1131 velit,
1337 1101 1407 1121 non
1434 1089 1588 1134 dispicio.
1623 1088 1831 1135 Vulgatum,
1859 1086 1952 1134 quod
1978 1089 2123 1122 editores
2150 1102 2193 1122 ex
2218 1089 2339 1122 vallae

470 1149 663 1183 coniectura
688 1147 917 1189 adsciverunt,
951 1146 987 1180 in
1012 1147 1105 1181 Hav.
1133 1154 1265 1186 exstare
1291 1146 1450 1181 videtur:
1480 1147 1571 1181 Lov.
1601 1151 1632 1181 1.
1669 1147 1795 1193 aliique
1829 1146 2022 1193 complures
2049 1146 2198 1180 offerunt
2224 1148 2339 1180 inani-

470 1205 656 1252 maliaque,
683 1205 738 1239 cui
763 1204 959 1239 Gronovius
987 1205 1254 1250 inanimemque,
1288 1205 1381 1250 quod
1413 1206 1544 1251 recepit
1569 1206 1758 1248 Bekkerus,
1794 1205 2069 1239 substituendum
2096 1217 2171 1238 esse
2199 1206 2339 1237 censuit.

469 1285 516 1292 —
551 1264 636 1299 ⁴⁵10.
663 1277 710 1298 ex
734 1263 867 1309 aperio]
903 1275 969 1305 „ea
993 1264 1145 1309 aperit-st
1177 1262 1267 1298 Lov.
1296 1267 1328 1299 1.
1355 1271 1389 1298 et
1412 1263 1504 1298 Hav.
1531 1272 1566 1297 ut
1591 1277 1637 1298 ex
1662 1278 1702 1298 ca
1728 1272 1857 1310 aperio,
1882 1262 1971 1298 Lov.
1998 1263 2035 1299 4.
2063 1271 2097 1297 et
2123 1269 2156 1299 5.
2184 1271 2218 1297 ul
2241 1277 2286 1298 ex
2301 1278 2340 1298 ea

470 1331 595 1369 aperte,
629 1323 665 1354 in
699 1322 822 1366 quibus
845 1319 989 1366 ‘duplex
1020 1321 1187 1365 scriptura
1219 1320 1357 1355 coaluit.
1406 1321 1502 1355 Nihil
1535 1330 1646 1354 tamen
1683 1322 1866 1367 quicquam
1900 1321 2115 1354 mutandum.
2165 1322 2337 1356 Librarios

473 1382 567 1415 enim
592 1378 733 1429 vagulus
760 1392 806 1412 ex
831 1386 865 1412 et
889 1391 930 1411 ea
954 1378 1151 1423 saepissime
1177 1379 1381 1421 confudisse,
1415 1380 1503 1413 inter
1529 1393 1646 1414 omnes
1682 1388 1823 1414 constat.
1865 1379 1946 1413 Vid.
1983 1379 2112 1412 Handii
2144 1379 2333 1414 Tursellin.

472 1436 552 1472 Vol.
583 1436 627 1470 Π.
652 1449 687 1483 p.
716 1437 799 1470 662.
835 1435 949 1481 Atque
985 1434 1141 1469 similiter
1172 1435 1252 1469 Liv.
1278 1436 1435 1478 XXXV,
1470 1439 1502 1470 5.
1530 1439 1686 1482 impetum
1713 1450 1759 1470 ex
1792 1445 1906 1484 aperio
1922 1435 2098 1483 facerent,
2134 1444 2167 1469 et
2193 1437 2332 1470 Isocrat.

469 1496 596 1542 Paneg.
624 1508 697 1541 cap.
725 1495 784 1530 40.
813 1488 837 1541 ἢ
863 1491 962 1542 πρὸς
988 1490 1155 1536 ἐκείνους
1180 1491 1222 1529 ἐκ
1247 1495 1316 1539 τοῦ
1342 1496 1511 1542 φανεροῦ
1538 1492 1858 1542 διαγωνίσασθαι.

570 1553 652 1599 Cap.
680 1552 854 1593 XXXIII,
889 1556 923 1587 3.
951 1551 1091 1596 animis]
1126 1559 1220 1594 „vet.
1247 1563 1365 1587 ornnes
1402 1553 1621 1598 animisque.“
1662 1553 1812 1598 Lipsius,
1847 1566 1952 1598 quum
1985 1552 2119 1598 copula,
2145 1564 2245 1597 quain
2271 1552 2337 1587 Iac.

470 1613 668 1647 Gronovius
695 1611 852 1653 restituit,
878 1611 915 1643 in
938 1610 1030 1644 Lov.
1059 1615 1092 1646 1.
1119 1611 1163 1644 sit
1189 1610 1323 1652 omissa,
1351 1611 1435 1643 etin
1461 1611 1553 1645 Hav.
1581 1624 1649 1643 non
1676 1611 1742 1644 nisi
1767 1612 1872 1644 verba
1898 1620 2038 1657 utraque
2063 1609 2184 1656 (Ζῷα-ἐι
2207 1611 2337 1655 reperi-

470 1678 581 1712 antur,
608 1670 683 1704 sive
709 1668 793 1703 alios
819 1668 966 1712 codices,
993 1668 1068 1703 sive
1095 1668 1262 1703 editiones
1289 1668 1455 1714 antiquas,
1482 1669 1524 1703 de
1550 1670 1672 1715 quibus
1698 1669 2016 1702 Drakenborchium
2043 1668 2195 1702 conferas
2215 1668 2336 1713 velim,

469 1735 605 1762 secutus
632 1739 705 1761 esse
731 1726 945 1760 videtur.-—
986 1727 1048 1763 '‘4.
1076 1727 1182 1772 equis]
1215 1726 1299 1769 „lib.
1336 1739 1486 1761 manusc.
1520 1728 1671 1773 qnihusf‘
1713 1727 1929 1761 Vocabulum
1963 1728 2064 1773 cquis,
2100 1740 2205 1772 quum
2229 1726 2339 1760 ridere

470 1784 668 1832 praecedat,
693 1784 842 1831 primum
868 1784 902 1817 in
929 1784 1020 1830 quis,
1048 1783 1172 1818 deinde
1190 1784 1225 1817 in
1252 1783 1343 1830 quib,·
1379 1785 1453 1818 sive
1473 1785 1589 1831 quibus
1615 1786 1747 1829 abiisse,
1773 1798 1936 1832 perquam
1963 1783 2139 1832 probabile
2167 1792 2227 1819 est.
2268 1785 2337 1818 Re-

470 1844 556 1878 ctius
579 1852 704 1885 tamen,
730 1843 795 1877 nisi
822 1843 905 1888 quid
923 1855 979 1877 me
1003 1841 1101 1884 fallit,
1124 1842 1208 1875 haec
1233 1842 1342 1887 Lipsii
1368 1843 1538 1876 adnotatio
1566 1844 1708 1876 refertur
1733 1844 1774 1876 ad
1801 1846 1987 1888 sequentia,
2012 1844 2071 1876 ubi
2095 1856 2158 1888 pro
2177 1842 2339 1888 quidquid

469 1901 664 1935 adiecissent
687 1901 723 1933 in
747 1900 838 1933 Lov.
868 1904 900 1935 1.
929 1899 1070 1945 aliisque
1096 1907 1130 1933 et
1156 1900 1361 1934 editionibus
1386 1901 1487 1934 Frob.
1518 1906 1550 1935 1.
1583 1902 1827 1945 antiquioribus
1855 1901 1970 1947 quibus
1996 1899 2159 1946 quidquid
2190 1899 2336 1933 adiecis-

468 1969 538 1994 teni
562 1959 698 2006 legitur.
718 1978 762 1985 —-
804 1958 891 1993 lbid.
918 1957 1123 2002 discurrunt]
1152 1957 1389 2000 „dccurrunt.“
1423 1959 1512 1993 Lov.
1533 1964 1565 1995 1.
1593 1968 1626 1993 et
1651 1961 1744 1993 Hav-
1771 1958 1971 2001 discurrunt,
1999 1958 2097 2004 quod
2123 1957 2234 1992 Aldus
2254 1972 2336 2004 per·

471 2031 587 2065 peram
615 2017 788 2053 substituit
813 2016 954 2051 lectioni
979 2014 1170 2059 decurrunt,
1203 2029 1304 2062 quam
1330 2017 1486 2051 codicum
1513 2017 1754 2063 plerorumque
1789 2029 1957 2051 consensu
1989 2018 2151 2050 firmatam
2186 2024 2220 2050 et
2241 2016 2335 2051 Gro-

470 2077 593 2120 noviO,
620 2077 747 2111 Vossio
774 2075 917 2121 aliisque
942 2076 1116 2121 probatam
1147 2076 1405 2118 Lallemandus,
1438 2075 1846 2121 Baumgarten-Crusius
1880 2084 1912 2109 et
1938 2075 2114 2109 Bekkerus
2139 2075 2233 2108 iuxta
2259 2088 2335 2109 me·

470 2147 549 2168 curn
574 2142 792 2168 revocarunt.
833 2134 888 2166 De
913 2134 1020 2167 totius
1045 2132 1124 2167 loci·
1139 2135 1303 2180 scriptura
1328 2134 1401 2167 vid.
1428 2133 1481 2166 W
1482 2133 1582 2166 alchii
1608 2134 1800 2167 Emendatt.
1834 2134 1913 2167 Liv.
1932 2146 1966 2178 p.
1990 2139 2046 2169 12.
2070 2146 2142 2178 sqq.
2162 2142 2194 2166 et
2213 2134 2335 2167 Buett·

470 2193 545 2225 neri
577 2192 773 2225 Observatt.
806 2191 887 2225 Liv.
913 2186 952 2235 p.v
976 2192 1034 2226 54.
1061 2203 1136 2236 sqq.
1164 2192 1219 2224 cui
1244 2191 1410 2226 VVolffius
1435 2191 1481 2224 ita
1508 2192 1666 2233 accessit,
1700 2199 1738 2224 ut
1760 2205 1820 2236 per
1844 2190 1974 2223 dim-rsa
1999 2204 2016 2223 e
2041 2190 2195 2235 rupibus,
2234 2192 2337 2225 iuxta

468 2249 562 2282 invia
588 2261 631 2282 ac
657 2247 764 2289 (levia,
798 2246 928 2283 adsueti
959 2247 1148 2290 deciam-unt,
1184 2248 1369 2295 legendum
1404 2256 1569 2282 censeret.
1590 2267 1637 2275 -
1684 2249 1702 2266 ³*
1721 2251 1753 2282 6.
1781 2248 1937 2294 dissonis]
1971 2248 2062 2290 „duo
2089 2248 2148 2282 lib.
2183 2260 2338 2284 manusc.

470 2307 498 2339 Ι.
513 2306 635 2352 Lypsii
659 2306 787 2339 habent
811 2305 1035 2346 ‹fis-emtionis,
1062 2307 1211 2351 optimus
1238 2308 1309 2339 eius
1325 2306 1438 2339 codex
1464 2306 1664 2340 Cuiacianus
1690 2307 1792 2339 habet
1817 2305 2057 2339 discessionis.“
2096 2306 2252 2351 Lipsium
2269 2308 2338 2353 igi-

471 2373 538 2407 tur,
566 2376 670 2411 quum
695 2364 731 2397 in
755 2363 847 2398 Hav.
873 2375 944 2397 non
970 2371 1168 2410 corruptum
1200 2362 1423 2404 disca-ationis,
1456 2363 1516 2398 sed
1552 2362 1729 2411 vulgatum
1763 2362 1905 2397 dissonis
1937 2364 2145 2411 reperiatur,
2179 2373 2339 2411 quattuor

473 2424 593 2459 saltem
619 2423 794 2457 codicibus
819 2434 919 2457 usum
944 2434 1039 2463 esse,
1067 2434 1112 2455 ex
1135 2422 1200 2456 hac
1226 2423 1442 2456 adnotatione
1469 2423 1682 2455 manifestum
1710 2431 1771 2457 est,
1799 2424 1845 2456 At
1870 2423 1958 2457 illud
1983 2425 2131 2458 Ebertus
2157 2433 2248 2458 recte
2271 2426 2339 2458 mi-

470 2491 563 2516 ratus
590 2490 651 2524 est,
678 2481 772 2527 quod
794 2481 933 2532 Lipsius
958 2479 1035 2514 cod.
1061 2479 1176 2514 Cuiac.
1202 2480 1397 2515 siveLov.
1426 2484 1459 2514 1.
1487 2480 1704 2522 abcessionis,
1738 2481 2043 2516 Drakenborchius
2070 2490 2194 2525 autem,
2222 2484 2280 2527 qui
2307 2492 2339 2516 et

470 2543 544 2589 ipse
560 2541 652 2575 hunc
669 2539 822 2575 codicem
840 2538 1010 2587 inspexit,
1036 2537 1281 2573 dissessionibus
1305 2538 1470 2573 tribuerit.
1521 2538 1606 2573 Uter
1632 2551 1749 2573 eorum
1768 2540 1804 2574 in
1821 2540 2010 2587 scripturae
2036 2540 2234 2575 diversitate
2252 2553 2336 2575 eno-

471 2601 573 2635 ttnda
598 2600 777 2642 erraverit,
811 2599 878 2633 nisi
903 2610 948 2632 ex
971 2598 1048 2644 ipso
1073 2597 1192 2632 codice
1217 2597 1364 2645 intelligi
1389 2609 1458 2631 non
1485 2606 1609 2645 potest.
1660 2598 1781 2632 Malim
1807 2607 1945 2643 tamen,
1982 2612 2089 2646 quum
2114 2600 2334 2634 Drakenbor-

472 2659 570 2693 chius
595 2669 641 2692 ex
663 2657 806 2692 Hearnii
829 2657 874 2691 N.
900 2655 1234 2704 dissensionibusque,
1267 2663 1318 2697 et,
1348 2655 1549 2702 interposita
1574 2656 1665 2690 Lov.
1696 2661 1729 2690 1.
1756 2657 1924 2700 lectione,
1961 2670 2005 2692 ex
2030 2658 2119 2691 Lov.
2147 2659 2181 2691 4.
2210 2658 2333 2690 dissen-

455 2716 618 2768 laeionibus
643 2715 840 2765 protulerit,
865 2714 945 2750 huic
971 2714 1084 2763 potius
1110 2727 1211 2762 quam
1236 2713 1355 2761 Lipsio
1381 2714 1503 2749 erroris
1529 2713 1665 2762 culpam
1691 2715 1871 2763 imputare.
1923 2717 1977 2751 De
1998 2714 2157 2763 vulgatae
2180 2715 2331 2750 lectionis

472 2776 664 2809 sinceritate
689 2788 760 2809 non
787 2783 856 2816 est,
891 2774 984 2820 quod
1009 2774 1153 2807 dubites.
1183 2792 1232 2799 -—
1280 2774 1343 2806 ¹⁵7.
1371 2772 1557 2819 multosque
1581 2774 1695 2818 turba]
1723 2775 1805 2817 „alii
1829 2775 1949 2821 legunt
1974 2784 2004 2808 et
2028 2775 2164 2808 tur-ba.“
2215 2775 2330 2805 Vocu-

1878 2828 1902 2865 3
