2844 3382
2325 467 2370 498 33

494 552 790 593 cons-cladem&
817 554 882 591 sibi
898 552 1116 601 ‘persimisse
1141 550 1290 596 videtur,
1317 551 1487 600 Scipionis
1512 563 1638 587 nomen
1663 552 1699 587 in
1723 554 1879 590 omnibus
1898 557 2036 592 omnino
2064 557 2240 595 codicibus
2264 561 2369 596 omis-

494 626 570 651 sum
595 601 772 663 'addinuus
799 618 881 645 erat-
1134 617 1139 621 ·
2072 648 2075 650 ,

590 670 674 717 Cap.
695 668 910 713 Lvm,›‚*8.
941 667 1207 715 levata]1„lib.
1244 669 1464 716 manuscripti
1497 668 1625 705 habent
1658 668 1781 705 levato.
1832 670 1982 719 Lypsius
2015 676 2170 710 emendat
2202 675 2363 711 levatisf‘

491 727 815 778 Lov2.1.,et.Hav.
843 740 919 763 cum
944 727 1017 764 aliis
1044 737 1078 763 et
1104 728 1308 764 editionibus
1334 729 1480 774 antiquis
1507 727 1634 772 levato,
1669 730 1724 763 cui
1756 730 1824 763 iam
1850 730 1887 764 in
1918 723 2021 767 Fiob.
2050 735 2082 766 1.
2111 734 2285 780 vulgatum
2316 745 2365 771 est

493 786 725 823 substitutum.
777 786 880 831 Quod
902 795 973 834 ‘quo
999 788 1072 821 iure
1097 787 1234 834 Lipsius
1259 788 1295 820 in
1322 786 1440 820 leuatis
1465 788 1664 821 mutandum
1700 796 1733 821 et
1758 789 1801 822 ad
1825 787 1962 824 Poenos
2000 798 2107 824 vento
2142 791 2291 826 sublatos
2317 795 2361 828 ita

493 845 710 880 referendum
737 857 811 880 esse
836 846 1017 887 censuerit,
1043 853 1082 879 ut
1107 858 1199 891 aqua
1218 844 1356 890 frigore
1382 854 1536 879 concreta
1561 855 1654 879 venio
1680 860 1807 880 sursum
1834 847 1952 881 let-atis
1978 850 2131 882 nivosam
2164 849 2364 894 grandinem

495 901 647 938 deiecisse
671 903 812 946 dicatur,
840 916 946 949 quum
971 902 1030 937 vel
1056 908 1197 949 propter
1221 900 1478 936 insolentiorem
1503 903 1602 937 verbi
1628 902 1766 938 deiicere
1799 913 1999 940 structuram
2036 907 2217 942 commode
2253 908 2366 955 expli-

495 963 563 998 cari
588 971 746 1008 nequeat,
775 974 830 996 me
856 974 927 996 non
952 960 1145 1008 intelligere
1170 960 1288 996 fateor.
1339 961 1512 1005 Pyndenii
1546 975 1638 996 error
1673 961 1728 997 hic
1764 963 1867 999 latere
1901 966 2052 1000 videtur.
2088 987 2139 993 —
2188 968 2277 1002 Ibid.
2306 983 2368 1002 ca—

441 1061 450 1071 Ί
493 1021 645 1067 cumina]
682 1027 777 1064 „ven
811 1018 871 1053 lib.
898 1021 990 1065 iuga,
1015 1020 1076 1068 sed
1103 1027 1244 1065 utraque
1277 1018 1381 1053 lectio
1407 1021 1549 1065 proba.“
1600 1019 1675 1054 Put.
1703 1029 1736 1054 et
1767 1022 1851 1069 Reg.
1888 1036 1964 1056 cum
1991 1024 2084 1058 Flor.
2119 1033 2153 1059 et
2187 1025 2284 1061 Cant.
2312 1028 2367 1060 iu-

492 1094 564 1125 ἔα,-
588 1080 679 1113 Lov.
708 1082 739 1113 l.
767 1087 801 1113 et
825 1079 917 1113 Hav.
943 1092 1022 1112 cum
1047 1080 1167 1113 ceteris
1193 1080 1393 1121 cacumina,
1420 1078 1475 1112 cui
1502 1078 1699 1114 Gronovius
1724 1079 1811 1113 illud
1836 1089 1926 1114 recte
1953 1084 2134 1117 substituit.

592 1135 674 1183 Cap.
700 1136 795 1180 LIX,
821 1140 855 1172 3.
879 1134 1065 1183 perculsos]
1091 1143 1187 1178 „ven
1213 1135 1274 1170 lib.
1309 1148 1462 1170 manusc.
1496 1134 1650 1182 pulsos.“
1708 1136 1765 1170 Sic
1791 1136 1880 1172 Lov.
1917 1140 1950 1171 1.
1985 1145 2018 1171 et
2050 1139 2141 1174 Hav.
2179 1152 2256 1174 cum
2292 1141 2367 1177 aliis

495 1199 605 1242 iisque
631 1197 787 1241 optimis,
822 1208 967 1241 quorum
994 1196 1190 1229 auctoritate
1217 1195 1414 1230 Gronovius
1440 1196 1583 1240 recepit.
1608 1215 1658 1221 —
1710 1201 1742 1231 6.
1769 1195 1810 1229 cle
1834 1196 1902 1243 his]
1930 1196 2111 1239 „mediis.“
2161 1200 2238 1232 Hoc
2266 1213 2283 1232 a
2307 1201 2368 1233 Li-

493 1256 568 1302 psio
594 1266 663 1288 non
681 1255 716 1287 in
736 1254 910 1288 codicibus
936 1254 1135 1296 inventurn,
1162 1253 1223 1288 sed
1249 1254 1442 1287 coniectura
1468 1261 1641 1299 repertum
1669 1266 1761 1295 esse,
1788 1255 1862 1301 ipse
1882 1257 2063 1300 profitetur
2089 1257 2199 1303 Epist.
2228 1257 2367 1300 Quaest.

492 1313 520 1357 Ι,
538 1317 595 1347 20.
622 1313 699 1346 ubi:
728 1312 847 1355 „Quid
873 1320 945 1353 est,
971 1312 1102 1357 inquit,
1130 1310 1170 1344 de
1195 1311 1246 1344 his
1269 1311 1420 1346 castr-is?
1455 1311 1551 1346 Nihil
1575 1312 1696 1345 iuvant
1712 1312 1800 1346 libri.
1844 1312 2017 1347 Audacter
2042 1322 2156 1348 tamen
2183 1315 2369 1363 legendum

493 1372 652 1413 adfirmo,
687 1372 756 1417 ipse
780 1369 898 1403 mediis
932 1371 1065 1404 castris.
1112 1370 1199 1404 Nam
1224 1371 1270 1404 ita
1295 1370 1415 1404 Livius
1440 1383 1511 1404 rem
1538 1379 1648 1404 narrat
1674 1372 1848 1417 superius,
1882 1371 2059 1415 Annibal,
2092 1376 2212 1420 paucis
2237 1388 2368 1420 propu-

491 1428 690 1476 gnatoribus
714 1430 750 1461 in
774 1427 868 1461 vallo
892 1429 1060 1474 por-iisque
1082 1429 1218 1474 positis,
1245 1437 1366 1461 ceteros
1392 1427 1563 1475 confertos
1583 1431 1616 1461 ἰη
1639 1429 1752 1462 media
1776 1438 1891 1463 castra
1918 1432 2074 1477 1·ccepii.“
2125 1433 2269 1466 Vossius
2294 1446 2368 1466 ma-

495 1487 560 1524 luit
586 1502 602 1522 e
627 1486 744 1527 mediis
779 1487 918 1530 castris,
954 1486 1068 1521 addita
1101 1487 1372 1534 praepositione,
1407 1499 1507 1533 quam
1543 1500 1620 1521 cum
1653 1487 1805 1523 Strothio
1835 1497 1867 1523 et
1892 1488 2050 1524 Bekkero
2076 1490 2233 1538 Lipsium
2262 1491 2370 1526 secuti

494 1549 530 1581 in
560 1548 692 1581 minore
719 1547 812 1583 Livii
847 1547 995 1579 editione
1024 1544 1218 1580 omisimus.
1267 1546 1674 1592 Baumgarten-Crusius
1700 1555 1830 1590 autem,
1868 1549 1903 1580 in
1931 1549 2028 1582 cuius
2055 1550 2274 1582 adnotatione
2305 1562 2366 1595 pro

498 1604 660 1640 Gronovii
684 1618 791 1651 ponas
819 1604 949 1650 Lipsii,
983 1604 1166 1637 lectionem
1189 1602 1315 1637 medius
1341 1617 1359 1637 a
1385 1603 1563 1638 Gronovio
1587 1617 1631 1637 ex
1657 1606 1850 1639 coniectura
1876 1607 2059 1651 repositam
2087 1621 2163 1641 cum
2192 1608 2365 1641 Grex-jerio

496 1671 531 1698 et
554 1662 838 1698 Drakenborchio
866 1663 980 1696 minus
1005 1669 1097 1695 recte
1123 1662 1303 1696 retinuisse
1325 1661 1478 1697 ridetur.
1529 1661 1693 1698 W'olffius
1722 1663 1833 1706 enim,
1862 1654 2147 1709 quemadmodum
2172 1666 2257 1699 mihi
2283 1679 2363 1713 per-

494 1723 641 1764 suadeo,
666 1722 785 1767 Lipsio
813 1721 1038 1766 adstipulatus
1063 1722 1259 1755 verissime:
1296 1721 1580 1763 „Gronovianum
1606 1722 1751 1763 medius,
1786 1723 1916 1766 inquit,
1951 1732 1984 1756 et
2009 1725 2122 1768 ipsum
2149 1727 2278 1757 bonum
2306 1734 2365 1765 est,

495 1780 557 1815 sed
582 1779 693 1813 minus
719 1777 816 1812 facile
844 1789 887 1811 ex
909 1777 1073 1810 librorum
1099 1778 1255 1824 vestigiis
1282 1778 1446 1811 eruitur.“
1497 1778 1636 1824 Quippe
1661 1778 1716 1821 hi,
1744 1778 1875 1824 syllaba
1897 1794 1948 1813 me
1973 1793 1990 1813 a
2008 1781 2225 1827 praecedenti
2252 1781 2368 1815 robore

494 1840 702 1884 intercepta,
729 1837 804 1879 «liis,
832 1835 872 1869 dc
896 1837 936 1869 iis
962 1843 995 1869 et
1018 1834 1058 1867 de
1076 1834 1127 1868 his
1153 1836 1315 1868 offerunt.
1365 1836 1492 1880 Dispar
1519 1845 1570 1869 est
1594 1838 1677 1869 ratio
1703 1837 1772 1870 loci
1798 1838 1877 1871 Lixn
1906 1839 2022 1879 XXII,
2045 1843 2101 1872 18.
2137 1840 2264 1872 Fabius
2293 1855 2364 1872 me-

495 1896 569 1931 dius
593 1898 678 1930 inter
704 1895 846 1929 hostium
871 1908 990 1940 agmen
1016 1892 1191 1941 urbemque
1216 1891 1368 1927 Romam
1385 1894 1471 1939 iugis
1497 1892 1657 1937 ducebat,
1685 1895 1743 1928 ubi
1769 1895 2070 1930 Drakenborchius
2086 1905 2197 1940 recte,
2225 1897 2259 1930 id
2273 1898 2366 1944 quod

497 1957 572 2002 ipsa
596 1956 780 1989 verborum
807 1952 986 1986 collocatio
1013 1952 1131 1992 docet,
1156 1964 1218 1996 pro
1244 1951 1361 1984 mediis
1386 1952 1427 1984 de
1454 1952 1623 1986 Gronovii
1649 1954 1815 1986 sententia
1839 1966 1883 1986 ex
1909 1955 1984 1987 cod.
2012 1954 2084 1987 Pet.
2114 1955 2241 1988 medius
2267 1969 2365 1989 rece-

496 2014 558 2061 pit.
609 2011 691 2046 Vid.
718 2010 896 2045 Adnotatt.
924 2009 966 2043 ad
991 2007 1144 2043 Sallustii
1175 2009 1267 2042 Hist.
1293 2009 1371 2042 Lib;
1396 2008 1457 2042 III.
1481 2011 1683 2056 Fragmenta
1705 2024 1741 2057 p.
1768 2013 1826 2045 96.
1877 2010 2036 2046 Ceterum
2064 2013 2218 2047 similiter
2245 2025 2365 2048 corru-

496 2080 576 2119 ptus
603 2083 676 2105 esse
701 2071 840 2104 videtur
861 2068 956 2102 locus
983 2069 1095 2102 Tacit.
1128 2067 1254 2102 Annal.
1271 2067 1333 2110 IV,
1358 2070 1415 2102 57.
1432 2068 1492 2100 ubi
1517 2081 1579 2114 pro
1606 2068 1742 2102 tandem
1771 2068 1896 2103 Caesar
1922 2071 1955 2103 in
1983 2069 2231 2117 Campaniam,
2261 2085 2364 2116 quum

498 2129 666 2172 Cronius,
700 2136 738 2162 ut
764 2126 908 2161 aliorum
935 2127 1146 2160 coniecturas
1172 2134 1320 2168 taceam,
1355 2125 1562 2159 vocabulum
1590 2126 1743 2170 tandem,
1778 2128 1870 2173 quod
1897 2129 2115 2174 praecedenti
2139 2129 2192 2162 diu
2219 2142 2365 2175 respon-

498 2189 575 2230 det,
610 2196 737 2221 temere
770 2187 806 2219 in
833 2185 937 2219 tendit
970 2185 1030 2220 vel
1063 2185 1194 2219 tendere
1226 2184 1424 2218 mutandum
1459 2186 1645 2229 censuerit,
1688 2185 1824 2219 tandem
1860 2185 1987 2220 Caesar
2021 2187 2103 2221 abiit
2138 2186 2366 2233 Campaniam

498 2245 714 2282 scribendum
747 2255 822 2277 esse
848 2244 1013 2288 suspicor.
1064 2244 1152 2278 Nam
1180 2242 1276 2284 IIT,
1311 2242 1441 2286 syllaba
1467 2241 1541 2275 AB
1565 2255 1584 2276 a
1608 2244 1827 2290 praecedenti
1853 2246 1989 2278 nomine
2025 2244 2219 2279 CAESAR
2246 2247 2367 2281 absor-

499 2313 576 2353 pta,
608 2302 706 2338 facile
732 2303 767 2336 in
793 2299 993 2347 particulam
1021 2300 1082 2334 IN
1104 2315 1120 2335 a
1145 2302 1266 2335 Tacito
1301 2300 1411 2332 omitti
1436 2299 1570 2334 solitam
1596 2303 1718 2335 mutari
1743 2303 1863 2348 potuit.
1889 2323 1936 2329 —
1987 2306 2018 2336 7.
2048 2312 2076 2336 et
2103 2305 2194 2350 cum]
2223 2317 2310 2351 „pro
2337 2316 2367 2338 et

501 2378 595 2404 cum,
623 2364 698 2396 ea.“
750 2360 844 2394 Haec
869 2358 1087 2403 Pyndenius,
1113 2373 1220 2404 quum
1244 2358 1401 2404 Lipsium
1428 2372 1468 2390 ea
1494 2371 1556 2404 pro
1582 2368 1612 2392 et
1638 2374 1711 2393 cum
1738 2361 1858 2405 reponi
1883 2360 2057 2404 voluisse,
2093 2375 2162 2395 non
2189 2363 2367 2409 probabile

500 2422 564 2465 sit,
589 2432 710 2468 parum
737 2426 889 2453 accurate
916 2417 1091 2464 excepisse
1117 2417 1265 2451 videtur.
1315 2416 1416 2450 Valla
1442 2417 1552 2458 enim,
1580 2429 1685 2463 quum
1712 2425 1808 2450 antea
1832 2431 1948 2464 pugna
1975 2432 2056 2453 raro
2083 2421 2194 2466 magis
2219 2419 2297 2454 ulla
2316 2435 2367 2464 ea,

500 2490 530 2515 et
555 2495 630 2515 cum
655 2481 821 2525 uir-iusque
847 2487 910 2513 etc.
935 2477 994 2512 vel
1017 2490 1132 2523 pugna
1157 2490 1239 2511 raro
1264 2475 1340 2510 ulla.
1364 2478 1476 2521 magis
1501 2489 1541 2509 ea
1567 2485 1596 2509 et
1622 2490 1696 2509 cum
1720 2478 1886 2524 utriusque
1912 2486 1975 2512 etc.
2003 2478 2179 2522 ederetur,
2206 2480 2298 2514 hunc
2314 2480 2367 2515 lo-

502 2551 580 2573 cum
605 2538 650 2571 ita
677 2537 844 2579 correxit,
870 2543 908 2569 ut
933 2536 1113 2569 scriberet:
1137 2548 1253 2580 pugna
1278 2547 1359 2568 raro
1385 2533 1461 2567 ulla
1487 2534 1597 2578 magis
1621 2535 1740 2577 saeva,
1774 2543 1804 2566 et
1830 2548 1906 2569 cum
1931 2537 2100 2584 utriusque
2126 2545 2190 2571 etc.
2218 2538 2309 2583 quod
2333 2539 2364 2571 in

502 2598 556 2632 ed.
584 2596 727 2631 Mediol.
754 2603 930 2640 receptum
956 2606 1073 2628 omnes
1098 2595 1311 2628 retinuerunt
1337 2594 1483 2627 editores
1509 2605 1617 2637 usque
1642 2592 1684 2626 ad
1709 2592 1927 2636 Bekkerum,
1954 2596 2077 2640 quiex
2096 2596 2263 2630 Gronovii
2282 2609 2362 2631 con-

500 2655 629 2689 iectura
664 2653 814 2700 scripsit:
846 2664 962 2699 pugna
997 2664 1078 2685 raro
1113 2653 1223 2698 magis
1255 2651 1358 2685 dubia,
1392 2659 1420 2684 et
1455 2663 1530 2684 cum
1561 2651 1728 2698 utriusque
1757 2653 1867 2697 partis
1898 2654 2044 2698 pernicie
2078 2652 2206 2687 clarior
2237 2652 2362 2700 fuisset.

502 2711 669 2747 Wolffius
696 2721 829 2747 autem:
864 2710 1090 2757 „Corrigendi
1115 2719 1258 2754 conatu,
1283 2710 1415 2755 inquit,
1444 2710 1666 2756 supersedere
1693 2722 1795 2756 posse
1821 2712 1998 2754 videmur,
2027 2713 2055 2746 si
2080 2712 2240 2745 libroruin
2268 2712 2361 2744 lerti-

503 2779 606 2801 onem
633 2771 744 2816 magis
769 2769 846 2805 ulla
872 2784 912 2804 ea
938 2783 1010 2805 cum
1037 2771 1221 2817 utriusque,
1248 2782 1308 2804 seu
1340 2768 1591 2810 Florentinam,
1627 2768 1741 2803 deleto
1770 2783 1861 2813 cum,
1896 2771 2007 2816 magis
2040 2768 2113 2803 ulla
2140 2784 2175 2802 ea
2204 2770 2363 2814 iat-iusque

1910 2820 1934 2861 5
