2844 3382
1011 463 1055 500 ’··
1172 501 1175 505 -
2305 484 2352 514 27

481 581 584 615 lenda
615 581 680 614 ηἰεί
710 578 881 613 αᾶἐπιαι.“
932 576 1028 609 Haec
1045 576 1165 624 ,verba
1199 576 1370 619 codicibus
1404 578 1523 611 invitis
1548 577 1590 609 ab
1624 575 1810 609 editoribus
1844 577 1967 611 inserta
2001 578 2200 613 Gronovius
2226 579 2354 613 ibidem

483 638 744 675 exterminavit.
761 652 812 661 --
844 636 880 680 9ἓ
903 632 1181 679 ἰησὰόιηικωνη]
1207 658 1229 677 ‚,
1242 643 1475 681 contemptum.
1485 636 1509 655 “
1559 634 1617 669 Sic
1650 633 1742 668 Lov.
1782 637 1815 668 1.
1842 642 1876 667 et
1907 635 1999 669 Hav.
2031 648 2109 670 cum
2143 636 2220 672 Put.
2258 636 2352 672 Flor-

482 697 588 732 cant..
606 694 761 739 aliisque.
782 720 783 723 ,
812 691 878 727 Pro
903 702 949 726 eo
1109 690 1243 725 Vanam
1269 693 1534 735 incitamentum,
1560 683 1674 738 neque
1700 691 1930 726 Gronoviuur
1944 702 2145 727 momentum
2171 703 2261 729 recte
2291 708 2350 729 re-

481 754 650 802 poeu’nee,
675 763 796 786 omnes
820 762 891 785 uno
916 761 977 786 ore
1070 756 1160 785 ntur.
1211 750 1399 786 Mar-tinius
1425 752 1539 799 igitur,
1572 760 1609 786 ut
1642 750 1723 785 alias
1757 750 1903 785 aliorum
1940 750 2151 786 coniecturas
2186 755 2349 796 omittam,

483 822 590 856 quum
615 810 673 843 Fr.
699 809 880 850 Gronovii‚
906 808 1050 844 Graevii
1064 815 1100 841 et
1116 807 1192 860 l*
1207 807 1389 842 ‹Gronovii
1414 811 1667 843 emendationes
1695 809 1826 843 admitti
1853 821 1923 842 non
1949 820 2052 854 posse
2072 809 2261 851 docuisset,
2284 823 2351 844 no-

482 878 562 902 men
589 864 700 911 telum,
727 866 854 913 quod
844 879 880 900 m
906 865 964 905 ed.
989 865 1090 899 Rom.
1115 863 1233 898 velbis
1255 862 1375 898 datum
1400 874 1447 898 est
1470 867 1707 912 praemittitur,
1742 868 1777 900 in
1804 866 1975 901 vocabulo
2001 864 2135 901 nullum
2160 866 2266 902 latere
2292 880 2352 903 su-

482 927 653 973 spicatas:
677 927 769 970 „Fac
795 926 899 967 enim,
923 923 1046 968 inquit,
1071 935 1092 956 a
1115 934 1221 956 manu
1244 924 1354 969 prima
1379 921 1502 965 NON,
1529 925 1724 968 compendii
1749 937 1876 968 caussa,
1889 927 2055 972 scriptum
2080 926 2275 984 suisse'N-
2274 939 2351 960 cum

482 983 610 1017 lineola
634 982 922 1030 superinscripta,
955 980 1050 1025 quod
1080 993 1184 1026 saepe
1216 980 1383 1022 occurrit,
1415 980 1634 1025 additumque
1670 981 1855 1016 TELUM
1884 984 1951 1016 hoc
1982 984 2054 1018 fere
2085 984 2190 1018 modo
2225 986 2267 1019 N
2270 986 2352 1020 TE-

483 1039 614 1085 LUM,
639 1040 848 1088 posteriores
871 1034 1019 1082 librarii,
1039 1040 1128 1077 sive
1151 1052 1215 1086 per
1246 1037 1453 1085 inspiciendi
1484 1038 1749 1086 negligentiam,
1783 1041 1857 1075 sive
1890 1054 1951 1087 per
1985 1054 2156 1085 errorem,
2195 1045 2352 1091 inprimis

482 1099 611 1133 lineola
634 1107 865 1132 transversum
892 1097 993 1131 ducta
1019 1097 1138 1132 oculos
1163 1109 1234 1131 non
1259 1097 1407 1143 amplius
1432 1097 1512 1131 satis
1537 1097 1691 1139 feriente,
1725 1109 1770 1130 ex
1795 1097 1926 1144 duplici
1950 1098 2120 1132 vocabulo
2147 1112 2265 1146 unum,
2280 1104 2351 1139 sci.

483 1156 565 1192 licet
589 1156 630 1191 N
633 1155 832 1199 ULLUM‚
858 1156 1046 1191 mutatione
1073 1156 1219 1203 quidem
1236 1156 1413 1192 levissima
1437 1157 1652 1194 comminisci
1677 1164 1875 1202 potuerunt.
1925 1157 2030 1200 Quod
2062 1158 2131 1192 hoc
2164 1162 2267 1193 modo
2294 1174 2352 1194 or-

484 1223 568 1257 tum,
595 1222 629 1248 et
653 1216 694 1247 ab
720 1213 796 1249 aliis
819 1221 1055 1261 propagatum,
1088 1213 1195 1248 libros
1220 1212 1374 1261 reliquos
1400 1213 1545 1257 obsedit,
1580 1212 1755 1259 hodieque
1789 1213 1935 1248 obsidet.
1994 1214 2109 1258 Quare
2140 1215 2170 1250 si
2204 1218 2353 1265 suspicio

483 1273 567 1307 haec
592 1286 667 1306 mea
691 1286 761 1307 non
787 1286 925 1320 prorsus
952 1273 1078 1307 absona
1102 1273 1159 1315 sit,
1174 1272 1292 1307 locum
1316 1274 1363 1307 ita
1387 1273 1607 1307 reficiendum
1633 1273 1789 1307 videbis:
1821 1285 1888 1306 non
1913 1270 2016 1307 telum
2040 1283 2206 1308 contemtu
2231 1278 2282 1309 sui
2307 1276 2356 1309 acl

481 1329 675 1366 vincendum
702 1329 832 1365 bomini
856 1329 899 1364 ab
925 1329 991 1364 diis
1015 1330 1263 1366 immortalibus
1289 1332 1402 1366 acrius
1426 1329 1544 1365 datum
1559 1334 1645 1366 es!.“
1676 1330 1860 1378 Argutiora
1880 1329 1976 1375 haec,
1997 1344 2098 1378 quam
2115 1333 2250 1367 veriora
2277 1348 2352 1371 esse

487 1392 661 1426 videntur.
686 1388 853 1426 VVolffius
869 1396 994 1431 autem,
1012 1401 1118 1434 quum
1130 1390 1198 1424 Iac.
1219 1390 1417 1425 Gronovius
1435 1390 1510 1425 eod.
1526 1390 1628 1423 Voss.
1644 1391 1845 1436 scripturam
1860 1394 1979 1435 ῑ-ιὲριῑι,
1996 1390 2033 1423 id
2050 1398 2101 1426 est
2116 1400 2350 1438 contemptum,

482 1449 518 1482 in
539 1461 577 1483 eo
600 1446 703 1482 telum
730 1446 925 1482 mutandam
951 1459 1038 1490 esse,
1064 1460 1183 1494 parum
1205 1446 1426 1495 probabiliter
1451 1448 1664 1490 coniecisset,
1688 1456 1801 1481 utrum
1828 1447 1960 1492 syllaba
1993 1461 2055 1483 con
2081 1461 2126 1483 ex
2152 1463 2200 1492 eo,
2236 1464 2277 1484 an
2305 1465 2350 1486 ex

483 1508 571 1539 enim
597 1506 774 1552 prodierit,
806 1505 946 1539 dubium
974 1516 1051 1539 esse
1081 1513 1174 1541 ratus
1204 1505 1299 1539 hunc
1329 1504 1445 1539 locum
1474 1504 1555 1538 coll.
1580 1504 1703 1547 Polyb.
1728 1505 1788 1547 111,
1822 1508 1880 1539 63.
1916 1506 1962 1538 ita
1995 1506 2243 1540 restituendum
2278 1520 2352 1542 esse

483 1565 627 1608 censuit,
653 1572 691 1599 ut
715 1563 898 1611 scriberet:
925 1561 1057 1597 mallum
1083 1565 1171 1597 enim
1194 1561 1298 1598 telum
1321 1562 1371 1597 acl
1393 1561 1589 1597 vincendum
1622 1562 1750 1596 homini
1783 1563 1826 1595 ab
1859 1562 1923 1595 diis
1957 1562 2208 1598 immortalibus
2241 1568 2353 1600 acrius

481 1622 601 1657 «latum
626 1630 683 1657 est.
731 1622 811 1665 Quo
836 1620 976 1668 quidem
1003 1620 1090 1655 nihil
1116 1633 1190 1656 esse
1214 1628 1330 1668 potest
1353 1619 1559 1668 languidius.

587 1681 671 1727 Cap.
699 1680 815 1721 XLV,
843 1684 875 1715 1.
924 1681 1037 1726 pomis
1061 1681 1184 1727 causa]
1211 1693 1342 1729 „causa
1367 1679 1565 1713 delendum
1567 1682 1588 1698 “
1638 1681 1789 1725 Lipsius,
1821 1680 2017 1725 priusquam
2053 1680 2119 1713 hoc
2145 1682 2352 1716 vocabulum

485 1739 523 1773 in
548 1738 667 1774 codice
693 1736 876 1772 Cuiaciano
902 1737 979 1772 sive
1003 1736 1094 1772 Lov.
1129 1741 1162 1772 1.
1196 1745 1233 1773 et
1264 1738 1357 1772 Hav.
1389 1725 1596 1781 invenisset,
1632 1737 1735 1771 alium
1768 1737 1859 1772 haud
1892 1737 1994 1771 dubie
2029 1737 2181 1772 codicem
2217 1749 2352 1775 secutus

483 1798 594 1844 Epist.
621 1797 762 1841 Quaest.
786 1796 816 1838 1,
844 1798 903 1831 12.
930 1795 1015 1829 haec
1039 1796 1237 1831 adnotavit:
1268 1796 1325 1839 „A
1351 1796 1462 1830 veteri
1495 1798 1591 1830 abest
1622 1809 1693 1830 vox
1728 1810 1860 1830 caussa.
1911 1796 2062 1830 Nimium
2095 1798 2193 1831 bene.
2245 1799 2352 1843 quue

486 1867 596 1902 genus
620 1854 787 1889 sermonis
812 1866 831 1887 a
856 1866 911 1887 me
936 1853 972 1886 in
998 1853 1120 1887 Tacito
1146 1856 1347 1887 notatum.“
1397 1854 1477 1887 Vid.
1514 1854 1609 1900 Lips.
1643 1854 1685 1887 ad
1719 1854 1830 1887 Tacit.
1856 1854 1946 1887 Hist.
1972 1853 2034 1895 lv,
2060 1856 2119 1887 25.
2140 1855 2350 1889 Boetticheri

486 1914 574 1948 Lex.
601 1913 713 1947 Tacit.
737 1926 773 1959 p.
799 1914 883 1949 237.
908 1924 960 1958 sq.
986 1920 1020 1945 et
1045 1911 1303 1946 Drakenborch.
1335 1912 1378 1946 ad
1402 1912 1481 1946 Liv.
1509 1912 1648 1952 XXXI,
1678 1915 1733 1953 12,
1750 1914 1783 1945 4.
1835 1912 1902 1944 Hic
1928 1918 2054 1952 tamen,
2079 1911 2115 1945 id
2142 1914 2235 1957 quod
2256 1915 2347 1947 Dra-

483 1970 715 2006 kenborchius
740 1975 832 2004 rme
858 1970 1002 2012 monuit,
1026 1969 1128 2003 unius
1152 1969 1282 2003 librarii
1306 1968 1407 2016 culpa
1433 1970 1602 2004 excidisse
1635 1969 1791 2013 videtur3
1825 1969 2021 2015 praesertim
2058 1981 2163 2014 quum
2197 1976 2239 2005 c‘a
2271 1972 2347 2006 sive

485 2042 591 2064 causa
616 2041 635 2062 a
660 2027 818 2073 sequenti
843 2025 1020 2061 castellum
1044 2026 1143 2060 facile
1167 2027 1317 2073 potuerit
1341 2028 1523 2060 absorberi.
1547 2047 1597 2053 —
1630 2028 1692 2060 ἰ3.
1717 2028 1790 2060 vico
1815 2026 1966 2072 tumulis]
1994 2027 2245 2069 ‚,l·‘icumriis.“
2290 2028 2349 2063 Sic

484 2086 637 2134 Lipsius,
664 2098 770 2132 quum
796 2085 852 2119 hic
878 2085 915 2118 in
940 2084 1030 2119 Lov.
1058 2087 1092 2118 1.
1126 2083 1346 2120 vicorumulus
1371 2092 1404 2119 et
1428 2085 1465 2119 in
1498 2085 1592 2119 Hav.
1628 2085 1701 2118 rico
1734 2082 1887 2127 tumulis,
1920 2084 1981 2118 sed
2014 2085 2099 2119 infra
2125 2098 2197 2131 cap.
2226 2088 2284 2121 57.
2310 2088 2347 2121 in

484 2144 564 2179 edd.
591 2144 734 2178 Ascens.
761 2151 796 2178 et
812 2143 924 2190 *Mog.
949 2141 1093 2188 aliisque
1117 2154 1136 2175 a
1161 2142 1443 2177 Drakenborchio
1468 2154 1539 2176 non
1564 2142 1727 2188 inspectis
1756 2141 1941 2176 Vicum-ias
1967 2143 2040 2177 sive
2069 2141 2265 2177 Vicum2·ias
2290 2158 2349 2180 re..

483 2203 639 2249 perisset,
664 2201 883 2236 scribendum
909 2213 984 2235 esse
1010 2201 1201 2248 suspicatus
1227 2208 1290 2236 est.
1341 2201 1462 2236 Postea
1487 2199 1576 2234 Phil.
1601 2200 1789 2242 Rubenius,
1825 2201 1879 2233 cui
1906 2200 2051 2234 editores
2077 2202 2229 2243 obsecuti
2255 2212 2348 2247 sunt,

482 2259 662 2302 Elect.11‚
689 2262 723 2293 3.
750 2273 785 2305 p.
811 2259 870 2294 49.
896 2260 953 2294 hic
983 2257 1023 2292 Ῑ
1020 2260 1183 2294 ‘ctumviis
1207 2267 1242 2294 et
1266 2259 1352 2294 infra
1378 2273 1453 2306 cap.
1480 2262 1538 2294 57.
1568 2258 1779 2293 lictumvias
1804 2259 2037 2305 reponendum
2064 2261 2206 2294 censuit.
2245 2262 2348 2295 Stro-

482 2318 575 2351 thius
601 2324 724 2359 autem,
763 2328 866 2361 quem
902 2328 980 2350 cum
1012 2318 1259 2363 Baumgarten-
1241 2316 1384 2350 -Crusio
1416 2317 1461 2350 ita
1495 2324 1630 2351 secutus
1664 2328 1757 2358 sum,
1791 2324 1827 2349 ut
1859 2316 1914 2349 hic
1941 2315 2020 2350 coll.
2045 2316 2155 2351 strab.
2182 2318 2227 2362 V,
2258 2324 2291 2356 1.
2316 2328 2350 2355 et

482 2375 572 2410 Plin.
598 2376 645 2409 H.
671 2375 715 2410 N.
742 2375 915 2416 XXXIII,
941 2374 978 2409 4.
1005 2375 1063 2408 ubi
1087 2387 1151 2421 pro
1177 2374 1411 2409 Ictimulorum
1444 2376 1480 2408 in
1514 2375 1590 2430 cofi-
1617 2375 1736 2407 Bamb.
1773 2373 2049 2413 Victumularum
2083 2375 2222 2422 legitur,
2256 2379 2350 2423 quod

485 2435 521 2468 in
549 2431 820 2469 Victumviarum
846 2432 966 2477 mutari
991 2431 1111 2475 nolim,
1147 2430 1353 2467 Victumulis
1386 2432 1589 2475 scriberem,
1626 2439 1717 2466 recte
1743 2444 1820 2466 cum
1854 2432 2019 2467 Cluverio
2053 2434 2146 2468 hunc
2181 2433 2298 2470 locum
2334 2450 2351 2470 a

487 2491 525 2526 V
525 2494 689 2529 ictumviis
714 2492 889 2525 diversum
912 2491 1016 2526 fuisse
1043 2491 1262 2525 existimavit.
1280 2512 1328 2517 —
1345 2490 1379 2524 4.
1406 2493 1548 2536 instare]
1576 2492 1819 2535 ‚‚inspcctarc.“
1845 2492 1902 2525 Sic
1926 2492 2016 2524 Lov.
2047 2496 2079 2526 1.
2098 2501 2133 2525 et
2157 2494 2251 2527 Hav.
2273 2508 2348 2529 curu

447 2540 451 2542 ⁵
487 2545 561 2587 iliis
587 2551 696 2597 iisque
722 2549 871 2597 optimis.
920 2548 1016 2586 Nihil
1041 2556 1154 2584 tamen
1178 2549 1360 2596 quicquam
1386 2548 1597 2583 mutandum.

586 2610 668 2655 Cap.
695 2609 823 2649 XLVI,
851 2612 884 2642 6.
911 2607 1052 2654 deinde]
1078 2607 1249 2651 „delenda
1274 2620 1346 2642 vox
1371 2607 1523 2642 deinde.“
1550 2608 1642 2642 Cave
1675 2620 1720 2642 ne
1753 2609 1919 2654 sequaris.
1952 2609 2045 2643 Flor.
2081 2618 2114 2643 et
2141 2610 2236 2645 Cant.
2263 2610 2347 2653 dein,

486 2668 580 2714 quod
605 2667 801 2703 Gronovius
826 2668 967 2715 recepit,
993 2666 1098 2701 ceteri
1124 2678 1243 2702 omnes
1269 2665 1385 2700 deinde
1410 2666 1569 2711 offerunt.
1602 2686 1651 2693 --
1683 2669 1718 2700 7.
1754 2667 1827 2702 iam
1859 2681 1991 2714 magna
2023 2681 2068 2702 ex
2098 2677 2197 2714 par-ic
2229 2683 2347 2715 anceps

483 2739 600 2770 pugna
624 2726 714 2771 erat]
741 2726 829 2768 „ista
854 2725 969 2759 omnia
991 2731 1070 2759 sunt
1095 2724 1276 2759 delenda.“
1324 2725 1471 2758 Minime
1497 2737 1593 2759 vero.
1645 2725 1788 2771 Optime
1813 2727 1906 2759 enim
1931 2719 2142 2760 Gronoviuffi
2161 2740 2204 2760 ex
2230 2739 2344 2759 corru-

482 2791 542 2831 pta
568 2783 650 2819 cod.
674 2784 750 2819 Put.
776 2784 943 2832 scriptura
968 2784 1039 2819 iam
1065 2773 1196 2831 magna
1221 2797 1268 2820 ex
1290 2793 1389 2831 parte
1412 2782 1516 2818 addes
1540 2798 1655 2831 pugna
1680 2786 1798 2828 τίεται,
1815 2784 1918 2819 Livio
1945 2785 2108 2819 restituit:
2134 2786 2202 2818 iam
2219 2798 2342 2828 magna

1830 2833 1907 2873 4*

2788 1016 2795 1026 1

2812 1130 2827 1216 'sk-⁸5«
2800 1092 2822 1124 ἢ(
2819 1070 2821 1073 -
2811 1045 2815 1049 ”
