2844 3382
2327 476 2367 508 11

502 581 577 605 esse
603 574 756 620 appu’et.
805 566 861 601 Eo
884 566 1005 615 magis,
1029 577 1137 613 quum
1158 565 1316 612 Nyhoffii
1347 572 1600 602 commentum:
1632 566 1818 614 pacificari
1839 578 1903 613 pro
1928 564 2107 612 Romanis,
2141 580 2246 604 nemo
2271 569 2370 605 facile

502 628 546 663 sit
578 628 795 674 probaturus,
827 636 898 658 non
930 625 1101 671 recepisse
1130 626 1304 671 poenitet3
1335 626 1536 672 praesertim
1568 637 1675 671 quum
1709 625 2014 659 Drakenborchius
2046 628 2168 662 erroris
2199 629 2367 675 originem

503 682 654 720 dilucida
678 681 899 730 explicuerit.

542 757 554 762 ·
601 741 687 789 cap.
712 742 761 783 X,
790 747 822 778 1.
847 742 931 789 non]
966 741 1175 785 „delendum
1208 741 1295 777 illud
1327 743 1513 777 verbum.“
1544 742 1645 777 Hanc
1678 742 1791 789 Lipsii
1826 741 2103 776 emendationem
2134 740 2223 776 Phil.
2248 744 2365 780 Rube-

504 801 583 837 nius
608 799 721 835 Elect.
745 800 773 844 1,
803 803 859 838 18.
883 813 920 848 p.
945 803 1006 836 22.
1023 800 1114 835 mala
1136 800 1255 834 fraude
1279 801 1344 835 sibi
1368 800 1578 835 vindicavit:
1603 800 1770 835 Gruterus
1791 807 1918 844 autem,
1944 811 2052 846 quum
2077 808 2177 835 antea
2201 801 2368 850 ωιίἱιὶφιε

504 872 573 893 non
596 867 672 893 sunt
696 858 864 902 ederetur,
889 858 1107 906 negationem
1132 868 1202 890 non
1228 857 1340 891 solum
1364 858 1600 902 inrcodicibus
1624 858 1797 901 Palatinis,
1823 858 1886 893 sed
1912 859 2014 893 ctiam
2039 859 2075 892 in
2100 859 2194 894 Hav.
2220 866 2256 893 et
2279 859 2369 895 Lov.

502 918 539 955 4.
565 917 705 965 aliisque
731 917 890 952 omissam
915 924 949 950 et
972 916 1040 951 iam
1072 916 1167 962 prius
1192 916 1229 949 in
1255 914 1309 949 ed.
1339 915 1483 949 Ascens.
1510 914 1653 960 aliisque
1685 916 1858 951 inductam
1890 929 2007 953 rursus
2032 925 2128 952 recte
2154 916 2303 955 sustulit.
2321 936 2370 946 -—

501 980 538 1011 2.
565 990 640 1011 cum
665 975 815 1020 assensu]
842 987 933 1017 „non
955 976 1166 1007 assensum.“
1190 974 1269 1007 Hoc
1295 985 1433 1018 quoque
1457 973 1577 1018 Lipsio
1603 973 1732 1007 ibidem
1756 975 1904 1022 sublegit
1935 976 2123 1018 Rubenius,
2148 988 2250 1021 quem
2277 976 2368 1010 Gro-

501 1035 638 1077 novius,
666 1033 872 1075 Crevierius,
897 1029 1197 1066 Drakenborchius
1224 1030 1351 1078 aliique
1376 1032 1488 1066 secuti
1513 1039 1602 1065 sunt.
1652 1031 1836 1067 Walchius
1862 1041 1979 1067 contra
2004 1034 2199 1078 Emendat,
2224 1034 2305 1068 Liv.
2332 1047 2368 1081 p.

503 1095 561 1130 78.
596 1092 770 1135 ‚,Revoca‚
801 1091 923 1136 inquit,
959 1103 1036 1123 cum
1068 1090 1195 1124 Vossio
1231 1091 1412 1135 antiquum
1445 1103 1513 1123 non
1546 1088 1710 1133 adsensu‚·
1755 1090 1859 1135 quod,
1892 1103 1970 1123 cum
2005 1100 2118 1125 cetera
2148 1092 2370 1137 probabiliter

501 1150 698 1186 emendaret
729 1149 916 1192 Rubenius,
947 1159 1019 1182 non
1051 1147 1198 1182 debebat
1222 1147 1411 1183 sollicitari.
1461 1147 1676 1193 Exquisitior
1710 1155 1761 1182 est
1785 1146 1845 1181 illa
1871 1149 2133 1184 constructionis
2164 1150 2309 1185 varietas
2336 1159 2369 1185 et

500 1209 659 1255 scriptori
682 1209 837 1254 impense
871 1207 1060 1240 adamata.“
1107 1206 1148 1240 In
1179 1206 1269 1240 hanc
1302 1206 1506 1241 sententiam
1540 1219 1558 1239 a
1588 1207 1757 1252 Rupertio
1790 1219 1927 1253 quoque
1962 1209 2070 1241 verbo
2102 1210 2368 1254 pronuntiatam,

438 1300 443 1308 ,
498 1264 579 1302 licet
603 1266 683 1301 Liv.
710 1266 771 1310 llI,
796 1268 857 1301 72.
883 1264 1020 1307 XXVI,
1048 1264 1107 1300 14.
1133 1264 1248 1308 XLII,
1281 1266 1341 1301 43.
1368 1272 1402 1299 et
1426 1262 1508 1298 alibi
1532 1278 1607 1299 cum
1634 1264 1776 1299 adsensu
1800 1264 1943 1313 legatur,
1978 1266 2368 1313 Baumgtrten-—Crusius

499 1333 534 1358 et
559 1324 747 1365 Bekkerus‘,
773 1334 956 1369 suppresso
979 1321 1135 1358 Walchii
1159 1324 1310 1365 nornine,
1335 1323 1431 1356 iuxta
1455 1331 1592 1357 mecum*
1614 1323 1852 1357 discesserunt.
1896 1324 2009 1358 Aliter
2033 1325 2184 1370 quidem,
2211 1325 2271 1359 sed
2298 1327 2365 1359 mi-

499 1394 565 1417 nus
591 1380 748 1425 feliciter,
773 1380 869 1415 hunc
893 1379 1010 1415 locum
1035 1378 1217 1414 emendare
1242 1380 1372 1414 studuit
1404 1379 1598 1425 Nyhoffius,
1625 1382 1685 1427 qui
1709 1382 1820 1427 magis
1842 1380 1985 1424 silentio,
2010 1392 2147 1430 propter
2173 1384 2364 1418 auctorita·

500 1448 565 1472 tem
590 1451 700 1480 suam,
726 1452 830 1485 quam
855 1437 997 1470 adsensu
1029 1436 1233 1470 audientium
1258 1439 1334 1482 egit,
1367 1450 1387 1470 a
1407 1438 1511 1471 Livio
1537 1438 1729 1483 profectum
1756 1451 1829 1472 esse
1855 1441 2046 1485 suspicatus
2072 1449 2144 1479 est3
2179 1449 2272 1473 recte
2297 1442 2363 1473 im-

499 1497 665 1543 probante
690 1495 895 1539 Eichhoffio,
922 1496 982 1542 qui
1005 1502 1042 1529 et
1063 1495 1137 1542 ipse
1169 1493 1230 1529 vel
1255 1508 1321 1529 non
1347 1507 1423 1529 cum
1458 1493 1610 1537 adsensu,
1635 1495 1695 1529 vel
1720 1508 1787 1530 non
1812 1495 1952 1530 adsensu
1977 1496 2163 1544 legendum
2194 1509 2268 1532 esse
2289 1500 2365 1532 exi-

497 1555 661 1598 stimavit,
689 1562 733 1596 et,
760 1562 798 1588 ut
833 1553 975 1587 adsensu
999 1555 1074 1589 sine
1099 1553 1351 1599 praepositione
1377 1565 1452 1587 cum
1480 1553 1564 1598 poni
1597 1553 1854 1596 demonstraret,
1881 1555 2059 1600 adscripsit
2083 1554 2199 1589 locum
2225 1556 2297 1590 Cic.
2325 1557 2366 1590 de

499 1613 545 1647 N.
572 1613 617 1646 D.
643 1612 687 1654 II,
713 1616 747 1646 2.
778 1610 845 1655 Qui
875 1612 1032 1658 potuisset
1064 1610 1207 1645 adsensu
1240 1612 1390 1645 omnium
1416 1610 1526 1645 dicere
1556 1610 1683 1645 Ennius
1709 1619 1774 1646 etc.
1812 1612 1907 1645 Idem
1941 1620 2056 1646 tamen
2081 1625 2260 1659 perperam
2287 1613 2366 1647 coll.

498 1670 579 1705 Liv.
604 1670 760 1713 XXXlI,
787 1673 847 1705 22.
873 1682 936 1717 per
962 1669 1139 1704 adsensum
1165 1669 1335 1717 designari
1362 1670 1497 1716 putavit
1520 1683 1673 1704 murmur
1698 1670 1881 1717 quoddam,
1909 1671 1964 1704 edi
1990 1670 2127 1705 solitum
2154 1672 2194 1704 ab
2220 1672 2365 1706 audien-

497 1730 601 1772 tibus,
628 1742 696 1774 quo
723 1729 877 1763 favorem
902 1730 978 1764 sive
1010 1729 1193 1763 adsensum
1218 1741 1318 1763 suum
1350 1729 1591 1775 significarent.
1642 1731 1721 1764 Hoc
1741 1731 1831 1764 enim
1855 1730 1968 1772 modo,
1994 1732 2180 1764 verborum
2208 1739 2365 1765 constru-

499 1787 613 1821 ctione
637 1798 709 1820 non
735 1794 924 1833 perspecta,
949 1786 1052 1820 totius
1077 1785 1146 1819 loci
1169 1787 1337 1820 sententia
1362 1788 1581 1832 pervertitur.
1615 1787 1781 1821 Similiter
1803 1788 1912 1821 Tacit.
1939 1786 2067 1823 Annal.
2085 1788 2146 1830 IV,
2174 1789 2233 1825 41.
2256 1789 2364 1823 inter-

499 1853 613 1892 pretes
637 1845 780 1879 haerent
805 1845 841 1878 in
860 1845 994 1879 verbis:
1020 1843 1225 1890 sublatisque
1245 1844 1402 1878 inanibus
1427 1859 1506 1879 vera
1526 1848 1676 1891 potentia
1693 1860 1825 1891 augere,
1843 1858 1906 1891 pro
1923 1859 2003 1891 quo,
2016 1860 2121 1891 quum
2141 1848 2247 1880 minui
2261 1859 2363 1892 prae—

499 1903 609 1945 cedat,
633 1902 821 1936 Rhenanus
845 1909 937 1936 recte
964 1902 1090 1948 augeri,
1123 1901 1217 1947 quod
1241 1902 1276 1934 in
1304 1901 1359 1937 ed.
1386 1901 1467 1937 Ald,
1492 1902 1630 1950 legitur,
1657 1903 1896 1949 reponendum
1928 1903 2071 1937 censuit.
2116 1903 2203 1946 Quis
2236 1911 2364 1948 autem,

499 1973 638 2007 quaeso,
654 1972 724 1994 non
749 1960 858 2002 videt,
882 1972 962 1993 vera
986 1960 1141 1993 neutrius
1165 1971 1239 1993 esse
1265 1961 1397 2006 generis
1416 1969 1450 1994 et
1473 1961 1629 1995 inanibus
1654 1959 1808 2008 opponi?
1844 1961 1884 1994 In
1909 1960 1988 1995 Liv.
2014 1960 2129 2004 XLV,
2150 1966 2209 1997 35.
2227 1961 2365 1997 Intacta

497 2016 628 2053 invidia
652 2017 765 2051 media
780 2026 876 2053 sunt:
914 2016 961 2051 ad
975 2030 1108 2051 summa
1122 2015 1243 2063 ferme
1258 2017 1371 2061 tendit,
1394 2031 1495 2053 nemo
1511 2019 1610 2053 facile
1631 2019 1794 2053 offendet.
1809 2038 1858 2045 —
1907 2020 1969 2052 ἰ6.
2004 2018 2039 2051 hi
2063 2020 2192 2065 tamen]
2219 2019 2365 2061 ,‚hinc.“

498 2078 597 2111 Haec
621 2076 734 2123 Lipsii
758 2076 964 2119 coniectura,
999 2088 1105 2122 quum
1129 2073 1227 2117 uncle,
1259 2075 1297 2109 id
1330 2076 1422 2123 quod
1446 2077 1631 2124 Rupertius
1662 2089 1799 2124 quoque
1825 2089 1894 2110 non
1926 2077 2117 2123 perspexit,
2152 2077 2242 2111 idem
2269 2078 2365 2124 quod

497 2135 587 2177 inde,
621 2134 709 2169 unde
742 2135 921 2181 significet,
955 2134 1090 2169 admitti
1120 2146 1190 2168 non
1222 2143 1345 2181 potest.
1362 2156 1412 2163 —-
1460 2137 1547 2171 Ibid.
1581 2137 1784 2183 repetuntur]
1818 2139 2029 2182 „repetunif‘
2061 2136 2118 2170 Sic
2151 2136 2240 2171 Lov.
2270 2142 2303 2175 ί.
2331 2146 2364 2172 et

496 2192 591 2227 Hav.
616 2193 778 2238 idemque
804 2193 840 2226 in
866 2192 920 2226 ed.
947 2193 1091 2228 Vascos.
1116 2192 1265 2239 primum
1298 2194 1517 2241 comparuit..
1540 2193 1700 2238 Plerique
1726 2194 1862 2229 codices
1887 2192 2045 2240 repetunt*
2070 2193 2144 2227 sive
2172 2202 2364 2241 repetuntur

496 2251 661 2293 offerunt,
677 2250 837 2285 sollemni
861 2250 1076 2285 librariorum
1101 2252 1324 2294 aberratione,
1350 2253 1386 2285 in
1412 2253 1512 2286 codd.
1534 2253 1687 2287 Vindob.
1715 2261 1749 2286 et
1764 2254 1884 2286 Bamb.
1910 2252 2051 2297 aliisque
2073 2252 2363 2297 frequentissima.

495 2307 537 2343 In
562 2306 636 2343 aliis
662 2308 900 2356 subiungitur:
933 2307 975 2341 de
1000 2322 1035 2342 re
1059 2316 1259 2355 repetuntur,
1293 2309 1330 2343 in
1355 2309 1451 2345 aliis:
1484 2310 1524 2344 de
1549 2325 1584 2344 re
1608 2319 1804 2358 quer-unium
1837 2311 1871 2344 in
1895 2309 1968 2356 aliis
1994 2317 2124 2345 exstat:
2159 2309 2200 2343 de
2221 2325 2256 2344 re
2278 2325 2361 2359 que-

497 2376 616 2401 runtur
636 2364 789 2413 publica.
819 2364 960 2410 publica
973 2365 1086 2413 fraus
1112 2366 1213 2400 absit.
1264 2367 1362 2409 Quae
1388 2366 1526 2413 quidem
1552 2369 1708 2402 lectionis
1732 2369 1877 2403 varietas
1904 2369 2030 2411 effecit,
2064 2377 2103 2403 ut
2127 2369 2195 2403 Iac.
2221 2369 2362 2404 Grono-

496 2425 575 2460 vius
600 2438 652 2460 res
676 2437 722 2459 ex
730 2421 877 2472 foedere
901 2431 1068 2471 rcpe1un15
1101 2424 1173 2457 iure
1196 2432 1385 2471 queruntur,
1416 2425 1599 2472 Nyhoffius
1631 2434 1743 2461 autem
1772 2440 1822 2461 res
1847 2439 1894 2461 ex
1907 2425 2056 2475 foedere
2080 2435 2240 2474 repetunt,
2267 2427 2307 2463 de
2332 2432 2364 2464 vi

496 2492 687 2530 queruntur,
714 2481 789 2517 licet
812 2481 950 2528 publica
964 2481 1077 2530 fraus
1101 2482 1200 2525 absit,
1226 2484 1442 2517 scribendum
1468 2493 1632 2519 censeret.
1683 2486 1852 2520 Neutrum
1876 2494 1991 2521 tamen
2018 2484 2264 2522 admittendum
2291 2502 2362 2524 esse

496 2549 650 2590 apparet.
695 2540 781 2586 Quis
807 2541 897 2576 enim
922 2548 992 2575 tam
1014 2539 1121 2576 hebes
1146 2548 1209 2584 est,
1235 2541 1319 2587 quin
1343 2540 1471 2585 videat,
1496 2543 1602 2577 verba
1628 2542 1669 2577 cle
1694 2557 1729 2577 re
1754 2556 1828 2578 esse
1862 2553 1995 2592 partem
2030 2553 2218 2581 extremam
2253 2560 2357 2582 voca-

494 2601 571 2650 buli
585 2599 741 2649 foedere,
768 2601 864 2635 cuius
889 2601 997 2646 prima
1021 2599 1151 2644 syllaba
1175 2600 1212 2633 in
1239 2612 1343 2633 versu
1374 2602 1590 2647 praecedenti
1616 2610 1706 2636 esset
1730 2604 1853 2649 posita,
1880 2612 1983 2649 atque
2009 2604 2093 2638 alios
2125 2605 2277 2640 librarios
2302 2606 2358 2640 illa

497 2672 576 2695 cum
602 2659 760 2707 sequenti
786 2666 971 2706 repetuntur
1004 2658 1156 2710 iterasse,
1189 2658 1283 2703 alios,
1309 2659 1645 2704 doctioresscilicet,
1671 2670 1852 2709 queruntur
1884 2664 2112 2705 substituisse,
2145 2663 2227 2699 alios
2252 2677 2355 2698 voca-

495 2718 616 2754 bulum
639 2717 790 2766 publica,
816 2717 909 2764 quod
932 2717 1039 2752 semel
1065 2718 1283 2752 scribendum
1306 2726 1409 2762 esset,
1435 2720 1486 2753 bis
1511 2718 1714 2766 scripsisse?
1730 2739 1779 2746 —
1813 2723 1847 2756 9.
1872 2722 1997 2768 verbis]
2021 2710 2103 2764 „libss
2130 2732 2200 2757 vet.
2226 2723 2353 2757 nobis.·‘⁴

493 2776 551 2811 Sic
571 2777 667 2811 Hav.
693 2790 771 2811 cum
795 2777 879 2812 Rec.
900 2777 1072 2811 Librarios
1097 2789 1255 2823 peccasse
1280 2777 1497 2812 manifestum
1523 2786 1588 2813 est.
1606 2799 1656 2806 -
1687 2780 1776 2815 ¹⁴11.
1803 2779 1861 2813 odi
1886 2794 1930 2815 ac
1953 2780 2104 2824 detestor]
2132 2781 2214 2824 ,‚lib.
2233 2793 2352 2813 marru-

1816 2830 1843 2869 2
1875 2833 1890 2851 t
