2844 3376
457 487 503 522 ¹2
1231 511 1245 526 ,

454 583 575 630 scripti
599 580 658 617 oda·
683 590 787 630 atque
804 582 908 617 etiam
935 581 1120 617 obtestor.“
1159 583 1216 618 Ex
1235 583 1438 628 quibusnam
1464 581 1641 618 codicibus
1665 580 1805 629 Lipsius
1830 582 1915 617 haee
1941 581 2145 624 enon-verit,
2167 579 2211 614 ad
2227 578 2335 627 liqui-

456 643 540 678 dum
565 641 710 689 perduci
735 652 809 675 non
835 648 964 687 potest.
999 640 1134 675 Cei-tius
1161 648 1223 683 est,
1249 638 1335 673 nihil
1361 639 1545 684 quicquam
1570 652 1646 675 em
1670 640 1883 675 novandum.

554 699 642 747 Cap.
660 698 727 742 XI,
745 699 825 735 ¹⁵10.
844 697 1071 745 ballistisque]
1097 705 1191 740 „ven
1217 696 1296 730 libri
1321 694 1602 742 Ballistrisque.“
1649 697 1719 731 Hic
1745 709 1885 743 quoque
1910 696 2066 732 librarios
2089 707 2248 743 peccasse
2271 707 2335 741 pa·

456 768 519 796 tet.
569 760 627 795 De
652 772 737 795 vera
761 758 865 793 huius
890 755 1051 791 vocabuli
1077 755 1242 800 scripturn
1267 753 1340 789 vid.
1367 753 1571 788 Schneideri
1596 752 1748 789 Graium.
1773 754 1851 789 Lat.
1866 753 1957 790 Pm.
1981 755 2010 790 1.
2033 754 2115 790 Vol.
2138 754 2181 790 11.
2200 767 2236 802 p.
2252 755 2336 791 409.

557 818 643 864 Cap.
679 818 760 859 ΧΠ,
798 818 834 851 4.
868 814 1063 857 inconsciis]
1090 812 1175 854 „lib.
1201 823 1335 845 manus.
1362 814 1516 845 insciis.“
1559 812 1616 845 Sic
1642 812 1736 846 Hav.
1774 811 1848 845 lm
1869 811 2035 858 Sigonius
2059 812 2128 846 hoc
2152 812 2216 854 illi,
2246 812 2338 858 quod

454 875 755 916 Drakenborchio,
781 873 841 919 qui
865 872 955 906 Lov.
985 876 1016 907 1.
1043 870 1204 905 inconsiis
1229 869 1355 904 offerre
1381 870 1551 916 perhibet,
1578 882 1623 904 ex
1649 869 1793 904 duarum
1818 867 2021 912 lectionum,
2054 870 2169 904 insciis
2195 878 2229 905 et
2253 883 2337 905 con·

455 937 546 979 sciis,
576 934 816 971 coniunctione
842 938 960 965 natum
981 941 1056 965 esse
1081 930 1234 972 videtur,
1260 937 1353 964 recte
1378 930 1565 964 substituit.
1575 932 1632 957 '—
1681 928 1769 966 Ibid.
1793 928 1935 977 victore]
1962 927 2045 974 „alii
2078 920 2255 965 auctssreJ‘
2279 929 2338 965 Sic

455 994 545 1029 Lov.
577 999 607 1029 1.
635 1005 712 1026 cum
738 990 812 1023 aliis
837 988 1032 1035 permultis.
1082 986 1229 1021 Librarii
1254 1001 1316 1034 per
1342 999 1490 1022 errorem
1516 987 1605 1033 lapsi
1630 995 1722 1022 sunt.

554 1051 637 1096 Cap.
664 1049 762 1091 XIII,
788 1050 824 1083 7.
852 1047 1053 1092 vestrorum]
1091 1047 1342 1089 „omittendum
1370 1047 1456 1080 est.“
1502 1045 1542 1078 In
1567 1046 1645 1079 Ber.
1670 1053 1865 1088 vestrorum,
1897 1046 1933 1080 in
1958 1045 2049 1080 Lov.
2075 1044 2110 1080 4.
2143 1057 2186 1080 ac
2210 1042 2339 1080 libero-

456 1123 530 1144 rum
555 1117 740 1143 vestrorum
768 1106 946 1141 omittitur.
996 1104 1111 1140 Ceteri
1138 1105 1272 1140 codices
1298 1103 1477 1152 vulgatum
1502 1110 1594 1137 reete
1620 1109 1770 1137 servant.

556 1167 641 1213 Cap.
664 1167 752 1208 XV,
780 1170 815 1199 2.
842 1177 889 1197 ex
911 1164 1036 1209 pretio]
1064 1163 1273 1210 „legendum
1299 1164 1373 1196 e1.“
1411 1163 1487 1195 Imo
1514 1170 1543 1194 et
1568 1174 1615 1195 ex
1636 1162 1757 1207 pretio,
1785 1160 1879 1205 quod
1904 1160 2116 1202 Gronovius,
2142 1174 2252 1209 quum
2268 1172 2337 1195 vo-

459 1226 537 1262 cula
562 1234 592 1260 et
618 1238 636 1259 a
663 1224 821 1271 sequenti
846 1235 892 1257 ex
916 1222 1106 1269 intercepta
1133 1228 1233 1263 esset,
1258 1220 1386 1267 optime
1403 1219 1563 1254 restituit.
1599 1218 1703 1264 Quod
1727 1218 1849 1265 Lipsio
1875 1216 2016 1265 placuit,
2043 1217 2211 1252 contrario
2227 1217 2335 1252 libra-

457 1286 499 1319 rii
526 1296 640 1319 errore
666 1284 702 1316 in
728 1282 803 1317 solo
829 1283 907 1314 Ber.
934 1282 1113 1326 reperitur.
1141 1280 1243 1321 Vide,
1270 1292 1356 1324 quae
1383 1291 1484 1324 supra
1510 1279 1552 1311 ad
1579 1291 1654 1324 cap.
1681 1280 1715 1320 5,
1740 1282 1798 1313 13.
1825 1277 1998 1319 adnotavi·

557 1341 640 1388 Cap.
668 1340 767 1383 XVI,
796 1346 829 1375 5.
857 1338 955 1384 clucc]
984 1337 1067 1381 „lib.
1096 1344 1227 1372 manus.
1255 1337 1373 1371 ‹lnci.“
1413 1337 1470 1371 Sic
1496 1336 1586 1371 Lov.
1617 1342 1650 1373 1.
1677 1344 1712 1371 et
1736 1336 1830 1371 Hav.
1857 1348 1935 1369 cum
1960 1334 2064 1383 longe
2088 1332 2247 1382 plurimis
2270 1332 2335 1369 iis-

455 1413 522 1447 que
549 1400 698 1446 optimis,
725 1410 811 1444 quos
830 1397 1009 1430 Bekkerus
1034 1404 1173 1429 auctore
1196 1396 1371 1429 Crevierio
1398 1397 1443 1428 ita
1463 1397 1599 1428 secutus
1620 1403 1682 1438 est,
1707 1402 1757 1437 ut,
1783 1394 1848 1427 hac
1872 1393 2021 1427 lectione
2037 1400 2185 1438 recepta,
2209 1392 2336 1426 verba:

455 1461 605 1507 primum
631 1456 853 1498 Hamilcare,
881 1454 998 1489 deinde
1023 1453 1266 1496 Hasdrubale,
1295 1468 1381 1488 nunc
1407 1453 1631 1496 fIannibale,
1658 1454 1693 1487 in
1720 1452 1842 1488 iisdem
1868 1451 2042 1487 codicibus
2069 1451 2212 1494 omissa,
2236 1449 2337 1485 tacite

459 1518 653 1550 induceret.
704 1515 855 1547 Praestat
880 1514 1000 1557 utique
1026 1513 1119 1546 hunc
1145 1513 1260 1545 locum
1288 1525 1331 1545 ex
1359 1512 1525 1545 Crevierii
1550 1519 1584 1544 et
1604 1512 1756 1544 Bekkeri
1780 1511 1950 1543 sententia
1974 1509 2121 1543 secando
2146 1520 2338 1554 persanare,

461 1589 565 1622 quam
593 1586 638 1609 ex
662 1573 781 1608 Vossii
817 1572 1012 1607 coniectura
1042 1569 1136 1606 hunc
1162 1572 1197 1605 in
1226 1571 1366 1605 modum
1401 1570 1637 1605 conformare:
1673 1567 1820 1605 Poenum
1852 1567 1989 1612 hostem,
2019 1576 2210 1602 veteranum
2236 1566 2338 1601 trium

460 1643 489 1668 et
514 1634 634 1680 viginti
651 1644 833 1673 annorum,
860 1628 1005 1662 militiae
1029 1629 1229 1662 durissimae
1254 1631 1339 1662 inter
1365 1628 1547 1675 IIispanas
1562 1635 1684 1674 gentes,
1703 1615 1831 1674 semper
1853 1627 2024 1668 victorem,
2046 1627 2195 1672 primum
2214 1622 2337 1658 Amil-

460 1707 552 1735 care,
578 1690 697 1726 cleincle
721 1688 933 1730 Asdrubale,
960 1703 1048 1723 nunc
1072 1688 1259 1731 Annibale,
1287 1688 1369 1724 duce
1395 1690 1574 1730 acerrimo,
1611 1687 1795 1728 adsuetum,
1832 1694 1991 1720 recentem
2018 1684 2062 1719 ab
2091 1682 2226 1719 excidio
2251 1696 2337 1729 opu-

460 1751 667 1786 lentissimae
694 1749 798 1790 urbis,
835 1748 970 1781 Iberum
1005 1749 1162 1781 transire.
1215 1749 1336 1794 Neque
1369 1748 1569 1781 accesserim
1602 1745 1748 1781 Wolffio
1781 1746 1824 1778 de
1856 1745 1958 1778 huius
1990 1743 2060 1777 loci
2092 1743 2258 1788 scriptura
2289 1742 2337 1774 ita

460 1809 662 1845 disserenti:
696 1807 805 1852 „Post
836 1805 1042 1841 vocabulum
1078 1805 1282 1839 Hannibale
1315 1806 1460 1840 incisum
1486 1816 1590 1852 pono,
1626 1811 1659 1837 et
1684 1803 1760 1836 (luci
1784 1814 1847 1850 pro
1873 1802 1956 1836 (luce
1985 1801 2076 1849 lego.
2121 1800 2338 1844 Quamquam

459 1870 552 1903 enim
577 1869 701 1902 Livius
729 1866 926 1900 adsuescere
950 1879 1041 1899 nunc
1068 1878 1145 1898 cum
1178 1865 1339 1907 ablativo,
1373 1877 1465 1897 nunc
1492 1876 1569 1896 cum
1605 1863 1722 1896 dativo
1749 1863 1938 1909 coniungit,
1974 1857 2337 1895 et'Drakenborchius

457 1928 533 1964 veri
558 1925 703 1962 similius
729 1925 847 1967 habet,
888 1923 975 1966 duci,
1002 1935 1104 1969 quam
1132 1922 1214 1957 duce
1239 1936 1257 1956 a
1283 1935 1387 1956 manu
1412 1921 1540 1956 librarii
1571 1932 1645 1955 esse
1671 1919 1875 1966 profectum,
1908 1918 2071 1966 periodus
2095 1925 2209 1951 tamen
2235 1914 2337 1949 meli·

458 1999 498 2021 us
523 1985 693 2033 procedit,
719 1984 748 2017 si
773 1981 980 2015 Hannibale
1012 1994 1082 2015 non
1110 1994 1129 2014 a
1153 1980 1325 2014 vocabulo
1360 1980 1545 2021 adsuetum,
1584 1979 1645 2012 sed
1676 1980 1833 2011 victorem
1868 1977 2020 2022 pendere
2051 1975 2240 2021 putaveris,
2274 1985 2338 2007 nec

459 2058 537 2080 cum
564 2043 744 2078 Gronovio
778 2043 938 2075 victorem
963 2041 1000 2073 in
1025 2042 1156 2073 vincere
1188 2048 1319 2073 mutare
1353 2050 1495 2071 necesse
1528 2036 1671 2070 habes.“
1716 2034 1832 2069 Multo
1866 2035 1979 2069 minus
2011 2040 2124 2067 autem
2157 2032 2339 2078 impetrare

461 2105 502 2137 ab
529 2103 645 2136 animo
673 2112 827 2146 possum,
853 2107 892 2132 ut
918 2098 1106 2143 adstipuler
1132 2098 1334 2143 Doeringio,
1362 2097 1433 2141 qui,
1458 2107 1563 2140 quum
1599 2092 1777 2136 ablativos,
1804 2105 1890 2138 quos
1917 2106 1935 2125 a
1959 2091 2139 2138 participio
2166 2089 2338 2123 adsuetum

458 2162 532 2208 regi
557 2158 876 2200 Drakenborchius,
903 2158 980 2203 ipso
1007 2155 1198 2201 Doeringio
1231 2155 1450 2201 suffragante,
1488 2153 1529 2186 ad
1562 2152 1642 2185 Liv.
1675 2151 1816 2193 XXXI,
1852 2155 1909 2193 35,
1937 2155 1975 2186 3.
2000 2149 2128 2192 docuit,
2164 2147 2338 2183 absolutos

460 2233 533 2255 esse
558 2226 648 2253 ratus
663 2217 760 2251 ·haec
788 2215 871 2251 olim
898 2215 1110 2249 adnotasset:
1138 2212 1348 2256 „ads-uelum,
1376 2212 1499 2247 omissa
1519 2223 1567 2254 re,
1595 2210 1650 2245 cui
1677 2210 1836 2245 adsuetus
1860 2209 1961 2243 fuerit
1985 2207 2095 2252 miles,
2121 2207 2338 2244 durissimum

461 2281 607 2314 videtur.
642 2278 699 2311 An
725 2278 813 2310 fuit:
844 2277 953 2309 armis
979 2272 1207 2307 aclszcetum?“
1240 2286 1258 2306 a
1285 2285 1426 2306 censore
1460 2272 1561 2304 docto
1588 2284 1625 2303 ac
1652 2281 1776 2307 severo
1801 2269 1837 2302 in
1861 2269 2081 2315 Ephemerid.
2114 2268 2241 2304 literar.
2275 2270 2336 2304 Ie-

460 2351 558 2373 nens.
584 2350 614 2372 a.
645 2341 751 2372 ¹81¹.
782 2335 848 2370 No.
878 2336 935 2371 19.
962 2347 998 2380 p.
1026 2332 1111 2367 149.
1138 2333 1211 2366 iure
1237 2332 1427 2377 meritoque
1461 2337 1597 2364 notatus
1624 2336 1694 2372 est,
1720 2340 1812 2362 nunc
1840 2340 1988 2375 quoque,
2021 2339 2127 2375 quum
2152 2328 2188 2363 in
2213 2340 2337 2364 recen-

462 2397 589 2430 tissima
614 2395 765 2428 editione
800 2381 1039 2427 coniecturam'
1069 2391 1208 2437 quidem
1241 2391 1309 2424 vix·
1330 2390 1396 2423 hoc
1424 2390 1564 2423 nomine
1590 2388 1729 2435 dignam
1765 2387 1965 2430 aboleverit,
1997 2387 2059 2421 sed
2083 2387 2339 2422 adnotationem

462 2456 571 2502 ipsam
595 2454 779 2499 repetierit,
805 2460 886 2486 nota
913 2451 1068 2487 censoria
1094 2463 1164 2484 non
1192 2450 1406 2484 eximendus.

564 2511 647 2556 Cap.
678 2511 793 2552 XVII,
821 2515 854 2545 3.
882 2509 1068 2555 sociorum]
1105 2508 1188 2551 „lib.
1223 2517 1294 2541 vet.
1321 2509 1484 2541 sociamf‘
1517 2507 1613 2540 Haec
1648 2507 1759 2552 Lipsii
1784 2505 1957 2539 adnotatio
1990 2504 2168 2538 referenda
2201 2505 2340 2538 videtur

462 2570 505 2606 ad
530 2568 783 2617 praecedentia,
808 2569 867 2601 ubi
892 2568 1106 2612 Gronovius,
1135 2575 1172 2600 ut
1196 2568 1270 2613 ipse
1299 2566 1341 2600 ad
1367 2566 1446 2613 Liv.
1474 2565 1592 2607 XXII,
1619 2568 1678 2607 22,
1707 2569 1740 2600 5.
1764 2571 1917 2606 testatur,
1942 2575 2005 2610 pro
2040 2563 2219 2604 sociorum,
2246 2562 2340 2608 quod

459 2637 561 2664 antea
587 2628 763 2669 edebatur,
791 2638 835 2659 ex
860 2626 927 2659 suis
953 2626 1127 2659 codicibus
1163 2626 1257 2658 dedit
1282 2626 1421 2666 socium,
1455 2624 1548 2669 quod
1573 2625 1609 2657 in
1634 2623 1725 2657 Lov.
1756 2628 1789 2659 1.
1817 2630 1851 2656 et
1872 2622 1964 2656 Hav.
2000 2620 2144 2666 aliisque
2178 2618 2338 2666 complu-

458 2689 554 2722 ribus
579 2686 759 2731 reperitur.
776 2703 826 2709 —
851 2683 962 2717 *Ibid.
988 2685 1248 2729 quinqueremes]
1275 2683 1356 2726 „alii
1382 2682 1545 2730 longae.“
1580 2682 1637 2715 Sic
1662 2681 1773 2714 infra:
1797 2694 1896 2713 naves
1922 2678 2046 2723 longae
2074 2686 2203 2711 centum
2229 2691 2337 2712 sexa-

454 2746 568 2795 ginta,
595 2742 721 2780 celoces
744 2741 932 2777 duodecim.
977 2741 1121 2776 Codices
1143 2750 1254 2776 tamen
1281 2742 1323 2775 ad
1340 2753 1448 2775 unum
1475 2752 1593 2774 omnes
1619 2738 1797 2787 vulgatum
1827 2745 1976 2771 tuentur.
1995 2755 2045 2763 -
2071 2737 2103 2769 5.
2130 2736 2189 2783 ea]
2214 2739 2334 2780 ‚,eae.“

456 2807 537 2842 Hoc
563 2805 690 2852 ipsum,
717 2802 811 2849 quod
835 2801 1016 2836 Gronovio
1042 2812 1179 2846 quoque
1206 2809 1239 2833 et
1265 2800 1441 2834 Crevierio
1460 2799 1599 2844 placuit,
1625 2798 1763 2843 Lipsius
1791 2797 1891 2830 etiam
1910 2797 1952 2830 de
1974 2794 2082 2829 Milit.
2109 2796 2206 2829 Rom.
2233 2796 2276 2837 11,
2304 2799 2337 2832 5.
